<?xml version="1.0" encoding="UTF-8"?>
<!DOCTYPE html PUBLIC "-//W3C//DTD XHTML 1.0 Transitional//EN"
    "http://www.w3.org/TR/xhtml1/DTD/xhtml1-transitional.dtd">
<html xmlns="http://www.w3.org/1999/xhtml" xml:lang="en" lang="en">
 <head>
  <title>
</title>
<meta http-equiv="Content-Type" content="text/html;charset=utf-8" />
  <meta name='ocr-system' content='tesseract 3.04.00' />
  <meta name='ocr-capabilities' content='ocr_page ocr_carea ocr_par ocr_line ocrx_word'/>
</head>
<body>
  <div class='ocr_page' id='page_1' title='image "./opusculamedica00cotugoog_0089.png"; bbox 0 0 2542 4710; ppageno 0'>
   <div class='ocr_carea' id='block_1_1' title="bbox 589 414 722 525">
    <p class='ocr_par' dir='ltr' id='par_1_1' title="bbox 589 414 722 525">
     <span class='ocr_line' id='line_1_1' title="bbox 589 414 722 525; baseline 0.008 -3"><span class='ocrx_word' id='word_1_1' title='bbox 589 414 722 525; x_wconf 79' lang='lat'><strong>(78)</strong></span> 
     </span>
    </p>
   </div>
   <div class='ocr_carea' id='block_1_2' title="bbox 29 567 1187 3803">
    <p class='ocr_par' dir='ltr' id='par_1_2' title="bbox 159 567 1146 675">
     <span class='ocr_line' id='line_1_2' title="bbox 159 567 1146 675; baseline -0.008 -18"><span class='ocrx_word' id='word_1_2' title='bbox 159 582 305 658; x_wconf 77' lang='lat' dir='ltr'><strong>totalem.</strong></span> <span class='ocrx_word' id='word_1_3' title='bbox 334 567 476 659; x_wconf 83' lang='lat' dir='ltr'><strong>modum</strong></span> <span class='ocrx_word' id='word_1_4' title='bbox 491 586 495 591; x_wconf 76' lang='grc'><strong>’</strong></span> <span class='ocrx_word' id='word_1_5' title='bbox 511 577 785 667; x_wconf 79' lang='lat' dir='ltr'><strong>‘nnbnebantur3</strong></span> <span class='ocrx_word' id='word_1_6' title='bbox 827 573 971 652; x_wconf 80' lang='lat' dir='ltr'><strong>vidimus</strong></span> <span class='ocrx_word' id='word_1_7' title='bbox 1005 575 1146 675; x_wconf 70' lang='lat' dir='ltr'><strong>vaginas</strong></span> 
     </span>
    </p>

    <p class='ocr_par' dir='ltr' id='par_1_3' title="bbox 29 695 1150 924">
     <span class='ocr_line' id='line_1_3' title="bbox 29 695 1150 797; baseline -0.008 -19"><span class='ocrx_word' id='word_1_8' title='bbox 29 764 32 768; x_wconf 25' lang='lat'><em>⁷</em></span> <span class='ocrx_word' id='word_1_9' title='bbox 163 706 338 778; x_wconf 81' lang='lat' dir='ltr'><strong>crassiores</strong></span> <span class='ocrx_word' id='word_1_10' title='bbox 358 707 551 797; x_wconf 67' lang='lat' dir='ltr'><strong>‘consueto,</strong></span> <span class='ocrx_word' id='word_1_11' title='bbox 576 700 728 775; x_wconf 83' lang='lat' dir='ltr'><strong>colorem</strong></span> <span class='ocrx_word' id='word_1_12' title='bbox 750 695 845 771; x_wconf 82' lang='lat' dir='ltr'><strong>illum</strong></span> <span class='ocrx_word' id='word_1_13' title='bbox 868 723 937 771; x_wconf 90' lang='lat' dir='ltr'><strong>non</strong></span> <span class='ocrx_word' id='word_1_14' title='bbox 952 697 1150 796; x_wconf 71' lang='lat' dir='ltr'><strong>appionem,-</strong></span> 
     </span>
     <span class='ocr_line' id='line_1_4' title="bbox 162 818 1148 924; baseline -0.011 -24"><span class='ocrx_word' id='word_1_15' title='bbox 162 826 220 900; x_wconf 90' lang='lat' dir='ltr'><strong>sed</strong></span> <span class='ocrx_word' id='word_1_16' title='bbox 245 825 416 901; x_wconf 88' lang='lat' dir='ltr'><strong>imbutum</strong></span> <span class='ocrx_word' id='word_1_17' title='bbox 439 823 627 924; x_wconf 87' lang='lat' dir='ltr'><strong>possidere,</strong></span> <span class='ocrx_word' id='word_1_18' title='bbox 655 847 723 924; x_wconf 91' lang='lat' dir='ltr'><strong>quo</strong></span> <span class='ocrx_word' id='word_1_19' title='bbox 746 845 789 892; x_wconf 91' lang='lat' dir='ltr'><strong>ne</strong></span> <span class='ocrx_word' id='word_1_20' title='bbox 812 819 881 917; x_wconf 86' lang='lat' dir='ltr'><strong>ipse</strong></span> <span class='ocrx_word' id='word_1_21' title='bbox 904 818 1041 921; x_wconf 90' lang='lat' dir='ltr'><strong>quidem</strong></span> <span class='ocrx_word' id='word_1_22' title='bbox 1064 843 1148 891; x_wconf 65' lang='lat' dir='ltr'><strong>ner-¹</strong></span> 
     </span>
    </p>

    <p class='ocr_par' dir='ltr' id='par_1_4' title="bbox 30 937 1149 1642">
     <span class='ocr_line' id='line_1_5' title="bbox 30 937 1146 1043; baseline -0.006 -26"><span class='ocrx_word' id='word_1_23' title='bbox 30 1005 36 1017; x_wconf 81' lang='grc'><strong>.</strong></span> <span class='ocrx_word' id='word_1_24' title='bbox 166 971 262 1039; x_wconf 86' lang='lat' dir='ltr'><strong>vus,</strong></span> <span class='ocrx_word' id='word_1_25' title='bbox 288 947 350 1018; x_wconf 90' lang='lat' dir='ltr'><strong>etsi</strong></span> <span class='ocrx_word' id='word_1_26' title='bbox 375 959 462 1019; x_wconf 86' lang='lat' dir='ltr'><strong>certe</strong></span> <span class='ocrx_word' id='word_1_27' title='bbox 485 942 665 1043; x_wconf 79' lang='lat' dir='ltr'>pallidior,</span> <span class='ocrx_word' id='word_1_28' title='bbox 691 953 760 1013; x_wconf 85' lang='lat' dir='ltr'><strong>erat</strong></span> <span class='ocrx_word' id='word_1_29' title='bbox 783 941 968 1012; x_wconf 88' lang='lat' dir='ltr'><strong>immunis.</strong></span> <span class='ocrx_word' id='word_1_30' title='bbox 995 939 1029 1010; x_wconf 82' lang='lat' dir='ltr'>A</span> <span class='ocrx_word' id='word_1_31' title='bbox 1053 937 1146 1011; x_wconf 80' lang='lat' dir='ltr'><strong>fibn-</strong></span> 
     </span>
     <span class='ocr_line' id='line_1_6' title="bbox 162 1055 1148 1164; baseline -0.004 -28"><span class='ocrx_word' id='word_1_32' title='bbox 162 1062 215 1137; x_wconf 91' lang='lat' dir='ltr'><strong>lae</strong></span> <span class='ocrx_word' id='word_1_33' title='bbox 239 1077 350 1137; x_wconf 85' lang='lat' dir='ltr'><strong>autem</strong></span> <span class='ocrx_word' id='word_1_34' title='bbox 375 1066 480 1164; x_wconf 84' lang='lat' dir='ltr'><strong>capite</strong></span> <span class='ocrx_word' id='word_1_35' title='bbox 506 1064 548 1135; x_wconf 88' lang='lat' dir='ltr'><strong>ad</strong></span> <span class='ocrx_word' id='word_1_36' title='bbox 573 1061 691 1161; x_wconf 89' lang='lat' dir='ltr'><strong>pedem</strong></span> <span class='ocrx_word' id='word_1_37' title='bbox 706 1062 816 1133; x_wconf 88' lang='lat' dir='ltr'><strong>imum</strong></span> <span class='ocrx_word' id='word_1_38' title='bbox 830 1055 971 1132; x_wconf 81' lang='lat' dir='ltr'><strong>albidior</strong></span> <span class='ocrx_word' id='word_1_39' title='bbox 984 1071 1056 1131; x_wconf 89' lang='lat' dir='ltr'><strong>erat</strong></span> <span class='ocrx_word' id='word_1_40' title='bbox 1070 1076 1148 1132; x_wconf 50' lang='lat' dir='ltr'><strong>neri</strong></span> 
     </span>
     <span class='ocr_line' id='line_1_7' title="bbox 160 1178 1149 1285; baseline -0.007 -27"><span class='ocrx_word' id='word_1_41' title='bbox 160 1210 224 1258; x_wconf 89' lang='lat' dir='ltr'><strong>vus</strong></span> <span class='ocrx_word' id='word_1_42' title='bbox 250 1183 478 1285; x_wconf 85' lang='lat' dir='ltr'><strong>,pleniorque</strong></span> <span class='ocrx_word' id='word_1_43' title='bbox 513 1205 666 1280; x_wconf 86' lang='lat' dir='ltr'><strong>vapore:</strong></span> <span class='ocrx_word' id='word_1_44' title='bbox 693 1182 788 1277; x_wconf 76' lang='lat' dir='ltr'><strong>cujus</strong></span> <span class='ocrx_word' id='word_1_45' title='bbox 805 1193 824 1273; x_wconf 89' lang='lat'><strong>&#39;,</strong></span> <span class='ocrx_word' id='word_1_46' title='bbox 851 1205 871 1251; x_wconf 90' lang='lat' dir='ltr'><strong>a</strong></span> <span class='ocrx_word' id='word_1_47' title='bbox 904 1179 1015 1252; x_wconf 92' lang='lat' dir='ltr'><strong>medio</strong></span> <span class='ocrx_word' id='word_1_48' title='bbox 1043 1178 1149 1252; x_wconf 84' lang='lat' dir='ltr'><strong>tibiae</strong></span> 
     </span>
     <span class='ocr_line' id='line_1_8' title="bbox 161 1301 1146 1402; baseline -0.004 -25"><span class='ocrx_word' id='word_1_49' title='bbox 161 1305 320 1397; x_wconf 85' lang='lat' dir='ltr'><strong>inferius,</strong></span> <span class='ocrx_word' id='word_1_50' title='bbox 347 1303 442 1402; x_wconf 88' lang='lat' dir='ltr'><strong>eopia</strong></span> <span class='ocrx_word' id='word_1_51' title='bbox 465 1316 555 1377; x_wconf 84' lang='lat' dir='ltr'><strong>tanta</strong></span> <span class='ocrx_word' id='word_1_52' title='bbox 580 1317 773 1402; x_wconf 81' lang='lat' dir='ltr'>supererat,</span> <span class='ocrx_word' id='word_1_53' title='bbox 800 1314 838 1374; x_wconf 92' lang='lat' dir='ltr'><strong>ut</strong></span> <span class='ocrx_word' id='word_1_54' title='bbox 860 1301 1028 1399; x_wconf 83' lang='lat' dir='ltr'><strong>insigniter</strong></span> <span class='ocrx_word' id='word_1_55' title='bbox 1051 1303 1146 1399; x_wconf 76' lang='lat' dir='ltr'><strong>vegi-</strong></span> 
     </span>
     <span class='ocr_line' id='line_1_9' title="bbox 161 1419 1146 1522; baseline -0.005 -27"><span class='ocrx_word' id='word_1_56' title='bbox 161 1446 224 1496; x_wconf 88' lang='lat' dir='ltr'><strong>nae</strong></span> <span class='ocrx_word' id='word_1_57' title='bbox 249 1450 269 1495; x_wconf 87' lang='lat' dir='ltr'><strong>a</strong></span> <span class='ocrx_word' id='word_1_58' title='bbox 293 1449 398 1510; x_wconf 88' lang='lat' dir='ltr'><strong>nervo</strong></span> <span class='ocrx_word' id='word_1_59' title='bbox 420 1422 548 1498; x_wconf 89' lang='lat' dir='ltr'><strong>incluso</strong></span> <span class='ocrx_word' id='word_1_60' title='bbox 574 1422 762 1515; x_wconf 87' lang='lat' dir='ltr'><strong>distarent,</strong></span> <span class='ocrx_word' id='word_1_61' title='bbox 788 1447 856 1522; x_wconf 88' lang='lat' dir='ltr'><strong>qno</strong></span> <span class='ocrx_word' id='word_1_62' title='bbox 871 1419 986 1494; x_wconf 88' lang='lat' dir='ltr'><strong>locum</strong></span> <span class='ocrx_word' id='word_1_63' title='bbox 1000 1421 1146 1492; x_wconf 85' lang='lat' dir='ltr'><strong>facerent</strong></span> 
     </span>
     <span class='ocr_line' id='line_1_10' title="bbox 161 1538 1149 1642; baseline -0.006 -26"><span class='ocrx_word' id='word_1_64' title='bbox 161 1543 307 1642; x_wconf 81' lang='lat' dir='ltr'><strong>vapori.</strong></span> <span class='ocrx_word' id='word_1_65' title='bbox 334 1542 390 1615; x_wconf 87' lang='lat' dir='ltr'><strong>En</strong></span> <span class='ocrx_word' id='word_1_66' title='bbox 413 1556 565 1616; x_wconf 88' lang='lat' dir='ltr'><strong>actutum</strong></span> <span class='ocrx_word' id='word_1_67' title='bbox 599 1541 685 1614; x_wconf 83' lang='lat' dir='ltr'><strong>mihi</strong></span> <span class='ocrx_word' id='word_1_68' title='bbox 709 1555 788 1614; x_wconf 86' lang='lat' dir='ltr'><strong>nata</strong></span> <span class='ocrx_word' id='word_1_69' title='bbox 828 1539 970 1638; x_wconf 84' lang='lat' dir='ltr'><strong>suspicio</strong></span> <span class='ocrx_word' id='word_1_70' title='bbox 1004 1538 1149 1638; x_wconf 84' lang='lat' dir='ltr'><strong>gravis,</strong></span> 
     </span>
    </p>

    <p class='ocr_par' dir='ltr' id='par_1_5' title="bbox 124 1660 1187 3803">
     <span class='ocr_line' id='line_1_11' title="bbox 124 1660 1151 1763; baseline -0.003 -27"><span class='ocrx_word' id='word_1_71' title='bbox 124 1759 125 1763; x_wconf 7' lang='grc' dir='ltr'><strong>Ἰ</strong></span> <span class='ocrx_word' id='word_1_72' title='bbox 163 1676 292 1746; x_wconf 84' lang='lat' dir='ltr'><strong>essetne</strong></span> <span class='ocrx_word' id='word_1_73' title='bbox 314 1661 350 1735; x_wconf 92' lang='lat' dir='ltr'><strong>in</strong></span> <span class='ocrx_word' id='word_1_74' title='bbox 374 1688 413 1734; x_wconf 91' lang='lat' dir='ltr'><strong>ea</strong></span> <span class='ocrx_word' id='word_1_75' title='bbox 436 1663 551 1736; x_wconf 85' lang='lat' dir='ltr'><strong>infima</strong></span> <span class='ocrx_word' id='word_1_76' title='bbox 578 1662 672 1734; x_wconf 87' lang='lat' dir='ltr'><strong>nervi</strong></span> <span class='ocrx_word' id='word_1_77' title='bbox 694 1662 771 1739; x_wconf 89' lang='lat' dir='ltr'><strong>sede</strong></span> <span class='ocrx_word' id='word_1_78' title='bbox 795 1662 884 1736; x_wconf 86' lang='lat' dir='ltr'><strong>visus</strong></span> <span class='ocrx_word' id='word_1_79' title='bbox 914 1660 1068 1763; x_wconf 80' lang='lat' dir='ltr'><strong>hydrops</strong></span> <span class='ocrx_word' id='word_1_80' title='bbox 1091 1676 1151 1733; x_wconf 60' lang='lat' dir='ltr'><strong>rei</strong></span> 
     </span>
     <span class='ocr_line' id='line_1_12' title="bbox 164 1777 1151 1882; baseline -0.005 -24"><span class='ocrx_word' id='word_1_81' title='bbox 164 1782 301 1858; x_wconf 84' lang='lat' dir='ltr'><strong>siduum</strong></span> <span class='ocrx_word' id='word_1_82' title='bbox 325 1777 486 1882; x_wconf 85' lang='lat' dir='ltr'>hydropis</span> <span class='ocrx_word' id='word_1_83' title='bbox 509 1778 661 1854; x_wconf 87' lang='lat' dir='ltr'><strong>ischiadis</strong></span> <span class='ocrx_word' id='word_1_84' title='bbox 685 1805 914 1880; x_wconf 85' lang='lat' dir='ltr'><strong>praegressae3</strong></span> <span class='ocrx_word' id='word_1_85' title='bbox 957 1807 1001 1853; x_wconf 88' lang='lat' dir='ltr'><strong>an</strong></span> <span class='ocrx_word' id='word_1_86' title='bbox 1030 1780 1151 1880; x_wconf 53' lang='lat' dir='ltr'><strong>progess</strong></span> 
     </span>
     <span class='ocr_line' id='line_1_13' title="bbox 164 1885 1143 2001; baseline -0.004 -25"><span class='ocrx_word' id='word_1_87' title='bbox 164 1885 235 1976; x_wconf 80' lang='lat' dir='ltr'><strong>aies</strong></span> <span class='ocrx_word' id='word_1_88' title='bbox 271 1900 385 1994; x_wconf 86' lang='lat' dir='ltr'><strong>illins,</strong></span> <span class='ocrx_word' id='word_1_89' title='bbox 412 1901 474 2001; x_wconf 91' lang='lat' dir='ltr'><strong>qui</strong></span> <span class='ocrx_word' id='word_1_90' title='bbox 498 1927 611 1974; x_wconf 87' lang='lat' dir='ltr'><strong>earnes</strong></span> <span class='ocrx_word' id='word_1_91' title='bbox 641 1903 808 1999; x_wconf 81' lang='lat' dir='ltr'><strong>proximas</strong></span> <span class='ocrx_word' id='word_1_92' title='bbox 839 1898 1030 1972; x_wconf 79' lang='lat' dir='ltr'><strong>insideret.</strong></span> <span class='ocrx_word' id='word_1_93' title='bbox 1059 1899 1143 1973; x_wconf 84' lang='lat' dir='ltr'><strong>Erat</strong></span> 
     </span>
     <span class='ocr_line' id='line_1_14' title="bbox 164 2016 1150 2121; baseline -0.001 -26"><span class='ocrx_word' id='word_1_94' title='bbox 164 2036 278 2096; x_wconf 85' lang='lat' dir='ltr'><strong>antem</strong></span> <span class='ocrx_word' id='word_1_95' title='bbox 304 2020 389 2096; x_wconf 89' lang='lat' dir='ltr'><strong>ultra</strong></span> <span class='ocrx_word' id='word_1_96' title='bbox 412 2022 532 2116; x_wconf 87' lang='lat' dir='ltr'><strong>sedes,</strong></span> <span class='ocrx_word' id='word_1_97' title='bbox 559 2019 602 2094; x_wconf 91' lang='lat' dir='ltr'><strong>ad</strong></span> <span class='ocrx_word' id='word_1_98' title='bbox 615 2047 707 2121; x_wconf 63' lang='lat' dir='ltr'><strong>‘quas</strong></span> <span class='ocrx_word' id='word_1_99' title='bbox 732 2023 816 2095; x_wconf 86' lang='lat' dir='ltr'><strong>cutis</strong></span> <span class='ocrx_word' id='word_1_100' title='bbox 840 2019 979 2094; x_wconf 88' lang='lat' dir='ltr'><strong>oedema</strong></span> <span class='ocrx_word' id='word_1_101' title='bbox 1002 2016 1150 2120; x_wconf 70' lang='lat' dir='ltr'><strong>pertine·</strong></span> 
     </span>
     <span class='ocr_line' id='line_1_15' title="bbox 164 2137 1151 2240; baseline 0 -25"><span class='ocrx_word' id='word_1_102' title='bbox 164 2155 242 2235; x_wconf 88' lang='lat' dir='ltr'><strong>ret,</strong></span> <span class='ocrx_word' id='word_1_103' title='bbox 269 2144 371 2215; x_wconf 82' lang='lat' dir='ltr'><strong>nervi</strong></span> <span class='ocrx_word' id='word_1_104' title='bbox 385 2139 541 2240; x_wconf 88' lang='lat' dir='ltr'><strong>hydrops</strong></span> <span class='ocrx_word' id='word_1_105' title='bbox 564 2153 744 2213; x_wconf 82' lang='lat' dir='ltr'><strong>extentus:</strong></span> <span class='ocrx_word' id='word_1_106' title='bbox 771 2137 863 2238; x_wconf 92' lang='lat' dir='ltr'><strong>quod</strong></span> <span class='ocrx_word' id='word_1_107' title='bbox 899 2138 1005 2211; x_wconf 82' lang='lat' dir='ltr'><strong>facere</strong></span> <span class='ocrx_word' id='word_1_108' title='bbox 1035 2154 1151 2238; x_wconf 86' lang='lat' dir='ltr'><strong>posset·</strong></span> 
     </span>
     <span class='ocr_line' id='line_1_16' title="bbox 167 2257 1152 2361; baseline 0 -27"><span class='ocrx_word' id='word_1_109' title='bbox 167 2262 211 2338; x_wconf 90' lang='lat' dir='ltr'><strong>ad</strong></span> <span class='ocrx_word' id='word_1_110' title='bbox 235 2260 444 2334; x_wconf 87' lang='lat' dir='ltr'><strong>referendum</strong></span> <span class='ocrx_word' id='word_1_111' title='bbox 468 2258 656 2361; x_wconf 82' lang='lat' dir='ltr'><strong>hydropem</strong></span> <span class='ocrx_word' id='word_1_112' title='bbox 679 2257 816 2333; x_wconf 81' lang='lat' dir='ltr'><strong>ischiadi</strong></span> <span class='ocrx_word' id='word_1_113' title='bbox 838 2284 1043 2360; x_wconf 83' lang='lat' dir='ltr'><strong>praegressae</strong></span> <span class='ocrx_word' id='word_1_114' title='bbox 1062 2317 1072 2334; x_wconf 90' lang='lat'><strong>.</strong></span> <span class='ocrx_word' id='word_1_115' title='bbox 1088 2261 1152 2334; x_wconf 66' lang='lat' dir='ltr'><strong>Et&lt;</strong></span> 
     </span>
     <span class='ocr_line' id='line_1_17' title="bbox 167 2377 1147 2478; baseline 0.001 -24"><span class='ocrx_word' id='word_1_116' title='bbox 167 2406 277 2454; x_wconf 84' lang='lat' dir='ltr'><strong>novus</strong></span> <span class='ocrx_word' id='word_1_117' title='bbox 300 2379 352 2452; x_wconf 89' lang='lat' dir='ltr'><strong>ille</strong></span> <span class='ocrx_word' id='word_1_118' title='bbox 376 2380 568 2478; x_wconf 83' lang='lat' dir='ltr'><strong>vaginarum</strong></span> <span class='ocrx_word' id='word_1_119' title='bbox 592 2378 683 2453; x_wconf 90' lang='lat' dir='ltr'><strong>color</strong></span> <span class='ocrx_word' id='word_1_120' title='bbox 707 2381 819 2453; x_wconf 69' lang='lat' dir='ltr'><strong>munci</strong></span> <span class='ocrx_word' id='word_1_121' title='bbox 850 2377 1015 2453; x_wconf 86' lang='lat' dir='ltr'><strong>ischiadici</strong></span> <span class='ocrx_word' id='word_1_122' title='bbox 1052 2382 1147 2455; x_wconf 87' lang='lat' dir='ltr'><strong>nervi</strong></span> 
     </span>
     <span class='ocr_line' id='line_1_18' title="bbox 168 2488 1149 2601; baseline -0.003 -26"><span class='ocrx_word' id='word_1_123' title='bbox 168 2528 189 2575; x_wconf 87' lang='lat' dir='ltr'><strong>a</strong></span> <span class='ocrx_word' id='word_1_124' title='bbox 213 2529 297 2574; x_wconf 85' lang='lat' dir='ltr'><strong>coxa</strong></span> <span class='ocrx_word' id='word_1_125' title='bbox 321 2499 365 2572; x_wconf 88' lang='lat' dir='ltr'><strong>ad</strong></span> <span class='ocrx_word' id='word_1_126' title='bbox 387 2527 461 2575; x_wconf 88' lang='lat' dir='ltr'><strong>crus</strong></span> <span class='ocrx_word' id='word_1_127' title='bbox 484 2501 645 2575; x_wconf 89' lang='lat' dir='ltr'><strong>indicium</strong></span> <span class='ocrx_word' id='word_1_128' title='bbox 660 2488 739 2575; x_wconf 89' lang='lat' dir='ltr'><strong>dare</strong></span> <span class='ocrx_word' id='word_1_129' title='bbox 756 2522 852 2601; x_wconf 83' lang='lat' dir='ltr'><strong>posse</strong></span> <span class='ocrx_word' id='word_1_130' title='bbox 865 2499 1043 2574; x_wconf 87' lang='lat' dir='ltr'><strong>videbatur</strong></span> <span class='ocrx_word' id='word_1_131' title='bbox 1058 2499 1149 2601; x_wconf 81' lang='lat' dir='ltr'><strong>lym·</strong></span> 
     </span>
     <span class='ocr_line' id='line_1_19' title="bbox 173 2619 1151 2724; baseline 0 -28"><span class='ocrx_word' id='word_1_132' title='bbox 173 2621 324 2722; x_wconf 85' lang='lat' dir='ltr'><strong>phaticae</strong></span> <span class='ocrx_word' id='word_1_133' title='bbox 348 2621 537 2720; x_wconf 87' lang='lat' dir='ltr'><strong>proluviei,</strong></span> <span class='ocrx_word' id='word_1_134' title='bbox 564 2647 651 2724; x_wconf 87' lang='lat' dir='ltr'><strong>quae</strong></span> <span class='ocrx_word' id='word_1_135' title='bbox 675 2622 745 2695; x_wconf 89' lang='lat' dir='ltr'><strong>illas</strong></span> <span class='ocrx_word' id='word_1_136' title='bbox 769 2623 849 2696; x_wconf 86' lang='lat' dir='ltr'><strong>olim</strong></span> <span class='ocrx_word' id='word_1_137' title='bbox 873 2619 966 2695; x_wconf 87' lang='lat' dir='ltr'><strong>sedes</strong></span> <span class='ocrx_word' id='word_1_138' title='bbox 990 2647 1151 2722; x_wconf 78' lang='lat' dir='ltr'><strong>occupas-</strong></span> 
     </span>
     <span class='ocr_line' id='line_1_20' title="bbox 171 2734 1153 2844; baseline 0.001 -26"><span class='ocrx_word' id='word_1_139' title='bbox 171 2758 220 2818; x_wconf 88' lang='lat' dir='ltr'><strong>set</strong></span> <span class='ocrx_word' id='word_1_140' title='bbox 246 2742 262 2844; x_wconf 92' lang='lat'>(</span> <span class='ocrx_word' id='word_1_141' title='bbox 287 2763 368 2815; x_wconf 78' lang='lat' dir='ltr'><strong>xxxi·</strong></span> <span class='ocrx_word' id='word_1_142' title='bbox 382 2784 395 2836; x_wconf 95' lang='lat'><strong>·,</strong></span> <span class='ocrx_word' id='word_1_143' title='bbox 421 2741 562 2843; x_wconf 86' lang='lat' dir='ltr'><strong>xxxnr)</strong></span> <span class='ocrx_word' id='word_1_144' title='bbox 582 2790 606 2817; x_wconf 82' lang='lat'><strong>.·</strong></span> <span class='ocrx_word' id='word_1_145' title='bbox 620 2742 709 2834; x_wconf 87' lang='lat' dir='ltr'><strong>Quia</strong></span> <span class='ocrx_word' id='word_1_146' title='bbox 741 2758 849 2816; x_wconf 81' lang='lat' dir='ltr'><strong>tamm</strong></span> <span class='ocrx_word' id='word_1_147' title='bbox 873 2743 909 2816; x_wconf 91' lang='lat' dir='ltr'><strong>in</strong></span> <span class='ocrx_word' id='word_1_148' title='bbox 934 2769 975 2816; x_wconf 93' lang='lat' dir='ltr'><strong>eo</strong></span> <span class='ocrx_word' id='word_1_149' title='bbox 996 2734 1153 2819; x_wconf 43' lang='lat' dir='ltr'><strong>‘cadere‘</strong></span> 
     </span>
     <span class='ocr_line' id='line_1_21' title="bbox 171 2860 1154 2964; baseline 0.006 -30"><span class='ocrx_word' id='word_1_150' title='bbox 171 2887 238 2955; x_wconf 85' lang='lat' dir='ltr'><strong>re,</strong></span> <span class='ocrx_word' id='word_1_151' title='bbox 266 2860 399 2962; x_wconf 89' lang='lat' dir='ltr'><strong>dequo</strong></span> <span class='ocrx_word' id='word_1_152' title='bbox 423 2890 511 2937; x_wconf 91' lang='lat' dir='ltr'><strong>nunc</strong></span> <span class='ocrx_word' id='word_1_153' title='bbox 536 2863 772 2962; x_wconf 86' lang='lat' dir='ltr'><strong>disputamus,</strong></span> <span class='ocrx_word' id='word_1_154' title='bbox 808 2878 844 2936; x_wconf 88' lang='lat' dir='ltr'><strong>et</strong></span> <span class='ocrx_word' id='word_1_155' title='bbox 878 2877 1010 2964; x_wconf 86' lang='lat' dir='ltr'><strong>propter</strong></span> <span class='ocrx_word' id='word_1_156' title='bbox 1039 2865 1154 2941; x_wconf 70' lang='lat' dir='ltr'><strong>servo«</strong></span> 
     </span>
     <span class='ocr_line' id='line_1_22' title="bbox 173 2983 1150 3084; baseline 0.008 -30"><span class='ocrx_word' id='word_1_157' title='bbox 173 3009 246 3055; x_wconf 91' lang='lat' dir='ltr'><strong>rem</strong></span> <span class='ocrx_word' id='word_1_158' title='bbox 271 2986 500 3080; x_wconf 74' lang='lat' dir='ltr'><strong>tempestatiS,</strong></span> <span class='ocrx_word' id='word_1_159' title='bbox 527 2998 560 3056; x_wconf 92' lang='lat' dir='ltr'><strong>et</strong></span> <span class='ocrx_word' id='word_1_160' title='bbox 582 2998 718 3084; x_wconf 88' lang='lat' dir='ltr'><strong>propter</strong></span> <span class='ocrx_word' id='word_1_161' title='bbox 746 2983 851 3083; x_wconf 87' lang='lat' dir='ltr'><strong>aperti</strong></span> <span class='ocrx_word' id='word_1_162' title='bbox 875 2984 910 3057; x_wconf 89' lang='lat' dir='ltr'><strong>in</strong></span> <span class='ocrx_word' id='word_1_163' title='bbox 947 2991 1150 3062; x_wconf 68' lang='lat' dir='ltr'><strong>antecessum</strong></span> 
     </span>
     <span class='ocr_line' id='line_1_23' title="bbox 174 3098 1157 3211; baseline 0.011 -39"><span class='ocrx_word' id='word_1_164' title='bbox 174 3098 390 3211; x_wconf 80' lang='lat' dir='ltr'><strong>abdominis,</strong></span> <span class='ocrx_word' id='word_1_165' title='bbox 418 3102 630 3204; x_wconf 88' lang='lat' dir='ltr'><strong>cluniumque</strong></span> <span class='ocrx_word' id='word_1_166' title='bbox 655 3105 842 3197; x_wconf 85' lang='lat' dir='ltr'><strong>foetorem,</strong></span> <span class='ocrx_word' id='word_1_167' title='bbox 869 3117 903 3178; x_wconf 84' lang='lat' dir='ltr'><strong>et</strong></span> <span class='ocrx_word' id='word_1_168' title='bbox 935 3119 1071 3205; x_wconf 90' lang='lat' dir='ltr'><strong>propter</strong></span> <span class='ocrx_word' id='word_1_169' title='bbox 1086 3109 1157 3182; x_wconf 53' lang='lat' dir='ltr'><strong>effiss</strong></span> 
     </span>
     <span class='ocr_line' id='line_1_24' title="bbox 173 3225 1187 3325; baseline 0.012 -31"><span class='ocrx_word' id='word_1_170' title='bbox 173 3247 287 3295; x_wconf 89' lang='lat' dir='ltr'><strong>cacem</strong></span> <span class='ocrx_word' id='word_1_171' title='bbox 310 3234 440 3294; x_wconf 89' lang='lat' dir='ltr'><strong>metum</strong></span> <span class='ocrx_word' id='word_1_172' title='bbox 465 3225 696 3320; x_wconf 79' lang='lat' dir='ltr'><strong>contagionis,</strong></span> <span class='ocrx_word' id='word_1_173' title='bbox 724 3226 782 3325; x_wconf 90' lang='lat' dir='ltr'><strong>qui</strong></span> <span class='ocrx_word' id='word_1_174' title='bbox 807 3225 860 3298; x_wconf 87' lang='lat' dir='ltr'><strong>illa</strong></span> <span class='ocrx_word' id='word_1_175' title='bbox 874 3239 1068 3325; x_wconf 77' lang='lat' dir='ltr'><strong>tempestate</strong></span> <span class='ocrx_word' id='word_1_176' title='bbox 1081 3258 1156 3305; x_wconf 87' lang='lat' dir='ltr'><strong>om·</strong></span> <span class='ocrx_word' id='word_1_177' title='bbox 1185 3276 1187 3281; x_wconf 96' lang='lat'><em>·</em></span> 
     </span>
     <span class='ocr_line' id='line_1_25' title="bbox 175 3335 1154 3433; baseline 0.013 -24"><span class='ocrx_word' id='word_1_178' title='bbox 175 3335 274 3409; x_wconf 91' lang='lat' dir='ltr'><strong>nibus</strong></span> <span class='ocrx_word' id='word_1_179' title='bbox 298 3349 367 3409; x_wconf 90' lang='lat' dir='ltr'><strong>erat</strong></span> <span class='ocrx_word' id='word_1_180' title='bbox 388 3337 507 3413; x_wconf 87' lang='lat' dir='ltr'><strong>merito</strong></span> <span class='ocrx_word' id='word_1_181' title='bbox 530 3364 710 3433; x_wconf 81' lang='lat' dir='ltr'><strong>summus,</strong></span> <span class='ocrx_word' id='word_1_182' title='bbox 737 3342 903 3416; x_wconf 90' lang='lat' dir='ltr'><strong>sinistrum</strong></span> <span class='ocrx_word' id='word_1_183' title='bbox 937 3343 1154 3422; x_wconf 84' lang='lat' dir='ltr'><strong>ischiadicum</strong></span> 
     </span>
     <span class='ocr_line' id='line_1_26' title="bbox 175 3455 1150 3561; baseline 0.007 -30"><span class='ocrx_word' id='word_1_184' title='bbox 175 3466 317 3531; x_wconf 84' lang='lat' dir='ltr'><strong>nervum</strong></span> <span class='ocrx_word' id='word_1_185' title='bbox 341 3456 477 3529; x_wconf 83' lang='lat' dir='ltr'><strong>omnino</strong></span> <span class='ocrx_word' id='word_1_186' title='bbox 501 3455 658 3556; x_wconf 75' lang='lat' dir='ltr'><strong>neglexi,</strong></span> <span class='ocrx_word' id='word_1_187' title='bbox 683 3460 740 3558; x_wconf 90' lang='lat' dir='ltr'><strong>qui</strong></span> <span class='ocrx_word' id='word_1_188' title='bbox 773 3461 932 3557; x_wconf 86' lang='lat' dir='ltr'><strong>potuisset</strong></span> <span class='ocrx_word' id='word_1_189' title='bbox 971 3463 1150 3561; x_wconf 83' lang='lat' dir='ltr'><strong>evincere,</strong></span> 
     </span>
     <span class='ocr_line' id='line_1_27' title="bbox 150 3570 1161 3685; baseline 0.016 -42"><span class='ocrx_word' id='word_1_190' title='bbox 150 3594 219 3648; x_wconf 70' lang='lat' dir='ltr'><strong>‚en</strong></span> <span class='ocrx_word' id='word_1_191' title='bbox 244 3570 336 3647; x_wconf 91' lang='lat' dir='ltr'><strong>color</strong></span> <span class='ocrx_word' id='word_1_192' title='bbox 358 3573 413 3685; x_wconf 86' lang='lat' dir='ltr'><strong>ille</strong></span> <span class='ocrx_word' id='word_1_193' title='bbox 438 3577 547 3650; x_wconf 71' lang='lat' dir='ltr'><strong>munci</strong></span> <span class='ocrx_word' id='word_1_194' title='bbox 571 3578 702 3651; x_wconf 84' lang='lat' dir='ltr'><strong>nervosi</strong></span> <span class='ocrx_word' id='word_1_195' title='bbox 726 3576 833 3651; x_wconf 84' lang='lat' dir='ltr'><strong>dextri</strong></span> <span class='ocrx_word' id='word_1_196' title='bbox 858 3604 936 3655; x_wconf 89' lang='lat' dir='ltr'><strong>vere</strong></span> <span class='ocrx_word' id='word_1_197' title='bbox 956 3606 1093 3678; x_wconf 87' lang='lat' dir='ltr'><strong>novus,</strong></span> <span class='ocrx_word' id='word_1_198' title='bbox 1112 3587 1161 3658; x_wconf 87' lang='lat' dir='ltr'><strong>an</strong></span> 
     </span>
     <span class='ocr_line' id='line_1_28' title="bbox 90 3679 1159 3803; baseline 0.012 -37.587"><span class='ocrx_word' id='word_1_199' title='bbox 90 3694 262 3803; x_wconf 30' lang='lat' dir='ltr'><strong>&amp;tinto</strong></span> <span class='ocrx_word' id='word_1_200' title='bbox 286 3679 465 3793; x_wconf 89' lang='lat' dir='ltr'><strong>proprius,</strong></span> <span class='ocrx_word' id='word_1_201' title='bbox 492 3709 525 3769; x_wconf 89' lang='lat' dir='ltr'><strong>et</strong></span> <span class='ocrx_word' id='word_1_202' title='bbox 548 3694 614 3772; x_wconf 88' lang='lat' dir='ltr'><strong>ad</strong></span> <span class='ocrx_word' id='word_1_203' title='bbox 628 3710 782 3775; x_wconf 86' lang='lat' dir='ltr'><strong>naturam</strong></span> <span class='ocrx_word' id='word_1_204' title='bbox 798 3725 847 3774; x_wconf 92' lang='lat' dir='ltr'><strong>eo</strong></span> <span class='ocrx_word' id='word_1_205' title='bbox 870 3701 905 3772; x_wconf 93' lang='lat' dir='ltr'><strong>in</strong></span> <span class='ocrx_word' id='word_1_206' title='bbox 946 3700 1159 3777; x_wconf 87' lang='lat' dir='ltr'><strong>homine</strong></span> <span class='ocrx_word' id='word_1_207' title='bbox 1105 3730 1159 3778; x_wconf 91' lang='lat' dir='ltr'><strong>es</strong></span> 
     </span>
    </p>
   </div>
   <div class='ocr_carea' id='block_1_3' title="bbox 146 3810 1162 4016">
    <p class='ocr_par' dir='ltr' id='par_1_6' title="bbox 146 3810 1162 4016">
     <span class='ocr_line' id='line_1_29' title="bbox 146 3810 1162 3907; baseline 0.016 -21.47"><span class='ocrx_word' id='word_1_208' title='bbox 146 3810 258 3907; x_wconf 80' lang='lat' dir='ltr'><strong>set,</strong></span> <span class='ocrx_word' id='word_1_209' title='bbox 297 3813 538 3896; x_wconf 87' lang='lat' dir='ltr'><strong>nihilomnino</strong></span> <span class='ocrx_word' id='word_1_210' title='bbox 568 3844 643 3894; x_wconf 89' lang='lat' dir='ltr'><strong>sum</strong></span> <span class='ocrx_word' id='word_1_211' title='bbox 677 3845 775 3895; x_wconf 84' lang='lat' dir='ltr'><strong>ausus</strong></span> <span class='ocrx_word' id='word_1_212' title='bbox 799 3847 841 3895; x_wconf 86' lang='lat' dir='ltr'><strong>ex</strong></span> <span class='ocrx_word' id='word_1_213' title='bbox 863 3821 926 3895; x_wconf 87' lang='lat' dir='ltr'><strong>hac</strong></span> <span class='ocrx_word' id='word_1_214' title='bbox 963 3821 1162 3901; x_wconf 81' lang='lat' dir='ltr'><strong>dissectione</strong></span> 
     </span>
     <span class='ocr_line' id='line_1_30' title="bbox 180 3933 1162 4016; baseline 0.013 -8"><span class='ocrx_word' id='word_1_215' title='bbox 180 3933 380 4016; x_wconf 84' lang='lat' dir='ltr'><strong>decernere.</strong></span> <span class='ocrx_word' id='word_1_216' title='bbox 1154 3966 1162 3971; x_wconf 79' lang='grc'><strong>·’</strong></span> 
     </span>
    </p>
   </div>
   <div class='ocr_carea' id='block_1_4' title="bbox 0 0 1287 4710">
    <p class='ocr_par' dir='ltr' id='par_1_7' title="bbox 0 0 1287 4710">
     <span class='ocr_line' id='line_1_31' title="bbox 0 0 1287 4710; baseline 0 0"><span class='ocrx_word' id='word_1_217' title='bbox 0 0 1287 4710; x_wconf 95' lang='lat' dir='ltr'><strong> </strong></span> 
     </span>
    </p>
   </div>
  </div>
 </body>
</html>
