2544 4710
662 395 678 493 (
705 393 796 493 5⁰)

235 562 311 623 est.
344 552 473 653 Estque
498 550 636 649 perutile
662 550 836 650 lympham
862 546 1103 649 coagulahilem
1140 567 1216 623 cum

235 684 364 771 vapore
389 671 581 745 naturaliter
606 699 675 746 nou
700 672 851 761 effundi3
867 670 973 744 effusa
997 667 1217 744 enimnutri·

226 796 312 882 ,tioni
339 795 486 893 corporis
511 794 722 890 detrahitur,
750 808 808 888 et,
836 795 927 895 quod
952 795 1057 891 magis
1080 791 1216 865 noxium

233 931 304 1010 est,
320 919 466 1014 partium
484 918 688 991 internarum
704 917 941 1016 superficiebus
954 916 1126 1008 accrescit,
1135 934 1219 1016 quas

235 1050 268 1106 et
295 1051 404 1109 crusta
430 1038 581 1126 obducit,
596 1053 627 1111 et
652 1064 748 1138 saepe
772 1053 887 1113 contra
901 1052 1036 1111 naturae
1061 1033 1212 1108 ordinem

235 1159 395 1256 colligat.
425 1160 496 1234 Nec
522 1161 684 1236 morbosa
704 1162 759 1237 illa
785 1161 993 1261 ligamenta,
1032 1184 1121 1258 quae
1138 1156 1212 1227 sive

102 1311 106 1318 ·
231 1279 436 1376 pulmonem·
457 1281 618 1380 pleurae,
646 1284 716 1357 sive
740 1282 961 1382 pericanlium
984 1279 1104 1371 cordi,
1142 1287 1215 1376 post

92 1480 94 1487 ,
218 1398 359 1487 ⁵barum
384 1403 527 1498 partium
554 1400 843 1497 inflammationes,
862 1402 1041 1475 revinxisse
1056 1400 1212 1500 frequerr

238 1535 288 1593 ter
314 1520 583 1612 observavimus,
602 1522 701 1594 aliam
725 1523 885 1620 originem
909 1520 1098 1593 obtinuere.
1112 1516 1210 1614 =con7
1233 1543 1248 1588 ,’

231 1638 357 1710 donent
380 1665 457 1737 ergo
493 1639 675 1713 doctissimi
700 1641 802 1734 Viri,
841 1642 900 1742 qui
930 1666 1044 1713 serum
1081 1634 1210 1736 coaguli

236 1785 340 1856 capax
354 1758 567 1832 humoribus
590 1774 791 1854 accensent,
833 1762 890 1861 qui
915 1787 934 1830 a
960 1759 1149 1857 sanguine,
1174 1769 1211 1831 et

231 1881 348 1978 ajunt,
374 1897 605 1974 secernuntur,
624 1895 821 1980 argumento
845 1881 947 1952 innixi
972 1902 1141 1976 vaporum
1154 1864 1217 1945 ‘in-

206 2018 419 2096 ternorum,
437 2031 522 2105 quos
547 2003 733 2077 secundum
758 2017 914 2076 naturam
939 1999 1107 2097 coagulari
1123 2021 1215 2096 posse

232 2151 409 2222 perperam
433 2125 669 2216 crediderunt,
697 2127 724 2196 si
743 2137 953 2225 expunctum
966 2121 1063 2194 'velle
1099 2120 1214 2192 dinero

234 2273 253 2314 a
281 2244 362 2314 serie
387 2241 566 2318 humorum
592 2245 701 2318 stabili
738 2261 873 2318 naturae
897 2241 968 2341 lege
1006 2253 1214 2318 secretorum

235 2393 252 2436 a
280 2363 437 2463 sauguine
462 2393 572 2440 serum
597 2382 712 2466 potens
737 2368 925 2466 coagulari.
964 2404 971 2423 -·

215 2575 218 2585 s
335 2485 480 2560 XXIII.
501 2486 669 2560 Hactenus
683 2488 863 2586 probatum
887 2496 962 2579 est,
985 2508 1125 2584 vapores
1141 2509 1216 2557 om·

232 2610 327 2697 nium
351 2635 529 2683 cavearum
554 2614 701 2708 corporis
739 2607 879 2681 humani
913 2664 923 2702 ,
951 2606 1136 2682 secundum
1163 2628 1231 2680 nab·

233 2740 346 2800 turam
372 2728 539 2826 coagulari
564 2755 630 2802 non
655 2754 774 2827 posse,
789 2727 918 2827 coaguli
944 2728 1081 2799 materia
1095 2726 1218 2801 'tamen

232 2864 364 2943 praeter
389 2861 524 2922 naturae
548 2850 698 2928 ordinem
723 2876 818 2948 posse
833 2848 965 2920 imbui.
994 2847 1084 2920 Cum
1100 2860 1215 2920 conda

148 3000 153 3006 ·
232 2965 321 3038 nulla
347 2967 413 3039 sint
438 2968 611 3066 exempla,
636 2969 763 3069 quibus
788 2970 889 3067 possit
914 2967 1065 3060 ostendi,
1094 2965 1216 3042 bumo-

231 3113 283 3157 res
307 3085 388 3159 alios
412 3088 545 3186 coaguli
577 3115 713 3189 capaces
737 3089 880 3187 puritate
907 3087 1113 3186 superstite,
1140 3113 1216 3160 eam

234 3219 388 3278 naturam
412 3209 620 3305 perdidisse.
652 3210 771 3311 Itaque
796 3220 953 3301 constat,
981 3207 1212 3305 experimentis
1234 3217 1249 3250 '-

232 3327 411 3429 limpidum
436 3332 581 3432 aliquem
603 3332 782 3407 humorem
807 3326 936 3427 coaguli
961 3341 1134 3426 expertem
1157 3328 1217 3401 de·

234 3454 495 3528 monstrantibus
521 3456 625 3550 magis
650 3477 719 3523 esse
737 3449 938 3538 fidendum,
968 3447 1004 3521 in
1030 3449 1105 3544 ejus
1129 3474 1213 3548 qua·

232 3574 323 3647 litate
349 3575 533 3678 secundum
561 3587 712 3646 naturam
739 3569 986 3672 pernoscenda,
1015 3596 1118 3669 quam
1142 3597 1220 3642 coa·

233 3696 302 3795 guli
318 3696 490 3769 materiem
506 3697 539 3766 in
553 3692 670 3766 eodem
687 3689 920 3765 exhibentibus
946 3689 963 3791 (
989 3716 1047 3761 avr
1074 3689 1112 3790 ).
1133 3689 1220 3762 Nam

234 3817 361 3915 coaguli
386 3816 519 3915 adeptio
544 3813 704 3888 morbosa
719 3826 789 3907 est,
808 3825 841 3884 et
867 3807 996 3904 tacitis,
1016 3809 1126 3909 litque
1152 3807 1215 3880 hu·

233 3943 337 4015 moris
359 3938 567 4040 limpitudine
590 3962 692 4038 prope
718 3947 875 4024 serveta;
910 3933 1043 4005 amissio
1066 3928 1214 4029 perdiffi-
