2544 4710
639 401 660 511 ,(
691 401 807 502 Ι84)

111 620 117 630 .
226 558 314 657 poris
338 553 419 632 odor
451 576 629 635 nauseosus
660 612 669 628 .
697 554 855 650 Quotidie
888 557 933 644 ita
970 558 1042 633 lieri
1063 557 1205 645 solitum

228 674 398 751 domestici
423 673 661 770 allrnnabant.
690 676 864 778 Nusquam
891 676 1019 752 macula
1043 692 1205 770 totocor-

226 823 307 897 pore
331 795 528 890 visebatur,
554 821 626 871 non
650 797 847 897 petecbiao.‚
874 823 943 872 nou
965 802 1203 902 panniculae.

226 916 356 1015 Urinae
380 942 507 1014 paucae
524 919 586 991 vix
610 945 630 990 a
655 917 858 992 naturalibus
875 918 1022 1022 diversae
1042 977 1050 994 .
1068 923 1125 996 Ex
1138 949 1204 1024 quo

228 1035 325 1110 facile
349 1049 418 1107 erat
447 1060 584 1132 arguere
622 1033 749 1109 febrem
779 1036 1004 1136 quotidianam
1039 1042 1207 1113 remitten-

230 1171 330 1249 tem„
357 1154 422 1237 sub
447 1157 543 1254 cujus
566 1155 751 1229 accessibus
774 1157 939 1230 veneficae
973 1145 1073 1233 vetuti
1111 1186 1207 1232 aurae

230 1269 344 1355 afflatu
370 1258 503 1372 sanguis
528 1274 773 1370 invadebatur,
800 1279 907 1350 nervis
930 1279 1112 1372 inimicae,
1139 1304 1210 1353 cor-

228 1395 269 1467 di
294 1387 372 1479 cum
397 1395 541 1491 primis,
569 1396 696 1495 totique
721 1377 877 1470 vasorum
900 1396 1007 1469 ordini
1025 1450 1042 1489 ‚,
1063 1425 1208 1499 quorum

231 1514 368 1607 robur,
397 1527 429 1586 et
455 1517 504 1587 vis
526 1515 648 1588 matrix
673 1516 886 1605 concideret;
914 1530 947 1590 et
971 1519 1064 1615 cujus
1079 1603 1081 1610 Ι
1095 1545 1207 1592 caussa

226 1636 491 1709 ‘dissolverentur
506 1634 649 1714 „vincula
675 1635 857 1708 naturalem
893 1637 1056 1735 sanguinis
1083 1640 1208 1719 &tenaci-

229 1770 338 1829 tatem
360 1756 559 1842 efficientia,
587 1781 653 1856 qua
678 1768 838 1849 cavetur,
865 1783 906 1829 nc
930 1757 1014 1829 vasis
1030 1748 1123 1830 exeat
1139 1785 1150 1846 ;
1168 1761 1210 1830 ita

231 1889 283 1947 ut·
296 1875 459 1950 resolutus
483 1875 519 1946 in
544 1874 675 1973 vaporis
708 1874 851 1947 formam
884 1867 1094 1971 emergeret.
1122 1875 1210 1947 Huic

234 2022 330 2094 aegro
356 1995 451 2088 saluti
476 1994 548 2074 suit,
570 1975 680 2068 cortes
717 1996 915 2091 peruvianus
940 1995 976 2065 in
1005 1995 1080 2091 ipso
1114 1993 1209 2067 labris

230 2119 418 2213 vespertine
444 2115 576 2189 decessu
600 2115 643 2186 ad
668 2113 838 2186 dimidiam
863 2116 995 2187 unciam
1020 2141 1102 2187 curn
1126 2115 1208 2188 due-

238 2238 348 2310 decim
374 2236 569 2336 camphorae
594 2235 700 2333 granis
725 2237 759 2306 in
784 2233 865 2306 duas
880 2299 883 2313 ,
896 2234 990 2306 doses
1016 2233 1208 2328 exhibitus,

233 2356 328 2456 justis
352 2354 525 2427 intervallis
550 2367 623 2425 ante
640 2380 760 2426 novam
777 2355 994 2426 accessionem
1008 2366 1205 2450 assumptas.

239 2473 328 2546 Nam
356 2473 492 2570 septima
518 2472 659 2544 accessio
683 2472 852 2543 mitissima
869 2469 1027 2563 advenit,
1054 2497 1117 2543 nec
1141 2498 1210 2544 scu·

229 2620 290 2666 sus
315 2590 447 2663 abstulit
465 2647 476 2685 ,
503 2617 564 2662 nec
580 2602 705 2662 tantam
721 2587 827 2661 attulit
841 2588 1086 2687 vaporationem
1102 2615 1112 2660 :
1130 2614 1209 2661 ven·

190 2727 192 2735 '
229 2724 316 2806 ter,
343 2723 380 2781 ut
406 2739 425 2782 a
449 2709 577 2804 magnis
600 2708 731 2780 corticis
756 2705 894 2779 dosibus
908 2733 1003 2805 saepe
1028 2708 1094 2799 fit,
1123 2708 1210 2782 solu-

156 2826 157 2831 *
235 2819 318 2924 luS,
342 2829 486 2927 viridem
510 2825 650 2900 multam
683 2825 859 2924 eliquatam
901 2823 1004 2899 bilem
1038 2825 1207 2898 reddidit.

236 2944 391 3047 Repetite
416 2945 588 3045 aliquoties
613 2945 733 3017 cortice
758 2969 970 3039 cummagno
986 2940 1039 3014 illa
1055 2942 1211 3042 campho-

235 3095 291 3140 rae
316 3067 416 3157 dosi,
443 3061 610 3136 convaluit
635 3087 731 3158 aeger
758 3059 886 3133 decimo
911 3063 1077 3160 septime.

232 3217 261 3255 ,η
337 3185 422 3255 VII.
452 3185 600 3282 Exque
640 3180 796 3279 exemplo
819 3182 1046 3285 soporiferae
1081 3183 1209 3276 febris,

236 3324 276 3396 et
293 3329 370 3380 vere
409 3304 608 3404 rapodone,
635 3301 817 3376 luculenter
853 3316 1010 3400 apparet,
1051 3320 1211 3402 quantum

236 3429 308 3524 ejus
333 3425 495 3526 emanatio
519 3420 656 3494 humida
680 3420 818 3517 petius,
846 3433 878 3492 et
894 3419 1056 3514 visibitis,
1082 3421 1127 3493 ab
1154 3425 1210 3494 ista

239 3544 476 3620 variolosomm
511 3542 626 3632 sicca,
669 3555 702 3612 et
744 3539 957 3613 calentissima
993 3545 1214 3640 transpiratio·

203 3721 205 3726 -
232 3690 279 3739 ne
304 3665 343 3735 sit
367 3662 510 3736 diversa.
540 3661 653 3749 Quam
680 3661 706 3733 si
732 3663 804 3762 quis
829 3657 906 3734 velit
922 3685 1090 3730 assumere
1100 3661 1141 3732 ad
1157 3662 1210 3766 de·

237 3783 487 3859 monstrandum
528 3806 713 3877 magnam,
753 3782 837 3854 inter
862 3803 977 3850 onrnes
1014 3777 1212 3850 variolarurn

241 3904 393 4002 species,
420 3896 680 4004 crystallinorum
705 3897 776 3973 vim
803 3896 844 3970 ad
870 3894 1059 3988 contagium
1076 3896 1127 3970 sui
1147 3953 1157 3992 ,
1179 3909 1216 3976 ,ct
