2544 4710
468 433 487 540 (
517 440 586 539 195
614 437 630 523 l

79 636 82 641 ·
162 596 267 676 xlx.
293 598 396 694 Quae
414 624 497 674 eum
519 612 627 672 essent
652 586 850 694 obsecrata,
892 603 956 675 etsi
984 600 1045 673 du·

60 723 157 798 bium
182 722 431 824 relinquebatur
454 706 541 796 vine
554 719 667 794 niorbi
680 742 815 819 prorsus
839 725 1044 796 internecium

61 871 158 944 aeger
184 843 394 937 occubuerit,
424 845 518 941 cnjus
544 855 714 916 caeterum
738 842 881 916 stadium
906 843 1045 917 novissir

60 973 159 1074 mum
184 962 291 1038 multa
315 991 394 1038 cum
415 990 475 1064 spe
498 962 611 1036 salutis
636 964 801 1062 attigerat,
816 977 965 1064 atquem
983 991 1042 1038 eo·

61 1085 141 1158 dem
164 1097 321 1183 tempore
345 1082 440 1156 miles
463 1081 545 1182 alter
568 1107 652 1182 pene
676 1082 896 1176 tricenarius,
922 1081 1040 1155 iisdem

61 1204 130 1276 fere
154 1201 446 1302 symptomatibus·
457 1200 666 1301 prehensus,
693 1196 829 1279 feliciter
865 1215 1038 1289 eraserat3

64 1350 108 1395 an
132 1324 247 1422 capitis
271 1321 327 1396 illo
350 1324 443 1415 ictu,
469 1336 490 1396 a
515 1347 584 1422 quo
607 1332 720 1394 tamen
745 1321 941 1396 intrinsecus
965 1348 1038 1395 ma·

60 1445 196 1517 nifestae
220 1442 375 1516 laesiones
399 1469 466 1516 non
491 1454 728 1540 apparuerunt,
744 1454 819 1514 erat'
839 1455 952 1515 tamen
977 1442 1041 1514 mi-

60 1566 154 1671 nime
194 1563 336 1637 dubium
362 1589 464 1662 genus
497 1558 732 1655 variolarum,
772 1562 866 1662 'quod
905 1542 1044 1661 aegrum

60 1685 250 1778 afflixerat,
278 1695 311 1755 et
335 1681 502 1782 praeclara
526 1680 675 1754 locorum
699 1692 847 1775 natura,
874 1706 960 1783 quae
995 1680 1045 1750 in-

59 1805 241 1881 sederant.
268 1803 359 1877 Nnm
384 1800 425 1874 ‘ex
451 1802 618 1900 apertione
640 1799 775 1874 illarum
793 1826 902 1902 ,quae
917 1804 952 1873 in
967 1812 1043 1873 cute
1174 1790 1179 1802 ¹

61 1928 211 2024 integrae
235 1922 492 2021 superfuerant,
522 1919 727 2020 apparebat,
755 1920 901 2019 pustulas
933 1922 1042 1994 vario-

58 2044 146 2122 losas
170 2044 281 2118 ichore
305 2045 417 2142 potius
451 2044 530 2142 puri
554 2041 675 2135 simili,
702 2066 804 2142 quam
828 2040 917 2114 bono
941 2040 1041 2115 fnisse

61 2188 174 2266 pure,
203 2177 236 2235 et
261 2161 408 2261 glutineo
431 2161 587 2233 refertas.
615 2161 685 2254 Qui
710 2160 806 2235 ichor‘
829 2160 915 2235 facili
941 2186 1045 2263 nego·

64 2284 113 2358 tio
138 2286 258 2357 timore
283 2283 351 2376 illo,
379 2306 449 2386 qno
473 2301 645 2382 percussus
669 2285 765 2379 aeger
790 2296 961 2383 correptus
970 2299 1038 2383 est,

44 2407 177 2504 'potuit
201 2407 235 2476 in
260 2407 455 2502 sangninem
479 2396 656 2496 remeare,
692 2408 876 2504 nervosque
900 2403 1042 2505 prehen-

66 2522 145 2594 dere
161 2520 375 2595 convulsione
389 2520 566 2593 mortifera.
595 2519 647 2591 Ea
663 2525 711 2592 est
727 2520 818 2592 enim
841 2520 968 2594 timoris
982 2547 1047 2594 na·-

67 2653 171 2733 tura,
197 2652 234 2710 ut
258 2633 431 2736 repressis,
450 2640 509 2738 qui
532 2640 566 2709 in
589 2650 665 2710 cute
689 2651 765 2711 sunt
786 2636 986 2715 humoribus
1002 2639 1046 2712 ad
1143 2688 1145 2696 ι

64 2761 245 2861 interiora,
273 2760 466 2830 secretiores
489 2736 632 2828 internas
657 2781 711 2849 eo,
729 2757 823 2857 quod
846 2784 866 2829 a
891 2773 967 2832 cute
991 2768 1045 2832 re*

65 2875 183 2976 pulit,
227 2879 399 2974 adaugeat.
427 2874 481 2946 Ex
506 2899 578 2973 quo
601 2872 696 2947 facile
722 2886 855 2972 apparet
893 2875 1043 2975 pustulas

65 2994 135 3097 illas
158 2995 352 3092 pertinuisse
393 2991 435 3064 ad
461 3017 563 3092 genus
588 2986 818 3087 variolamm,
854 3020 937 3095 quas
963 3020 1043 3095 cry·
1103 3036 1105 3041 ·

64 3113 211 3189 stallinas
236 3112 437 3213 appellamus
479 3112 602 3214 (um
618 3111 648 3212 ).
676 3111 774 3204 Quae
792 3143 796 3148 ·
813 3141 893 3190 cum
923 3113 1045 3191 multas

65 3235 113 3311 ob
138 3260 296 3331 caussas,
335 3249 410 3310 tum
432 3234 479 3310 ob
503 3233 692 3309 facilitatem
717 3237 957 3311 retrocessionis
987 3262 1046 3340 pe·-
1116 3322 1119 3327 ,

64 3351 315 3430 riculosissimae
331 3356 484 3427 omnium
509 3353 612 3426 solent
628 3351 761 3440 haberi;
787 3378 865 3427 nam
891 3351 976 3428 latei
991 3353 1047 3428 ill'e

65 3471 219 3566 fluidus,
258 3485 293 3544 et
316 3474 477 3545 causticae
496 3497 606 3573 ‘aquae
631 3469 775 3566 similis,
814 3471 916 3573 quein
940 3474 1047 3550 inclu-

66 3591 154 3665 dunt
169 3592 225 3686 ,si
249 3603 375 3663 remeet
397 3592 434 3661 in
458 3591 650 3686 sanguinem
665 3645 676 3683 ,
694 3591 804 3665 nervis
827 3587 876 3663 est
900 3593 1048 3666 maxime

35 3810 39 3820 1
68 3711 224 3786 inimicus
240 3765 251 3803 ,
269 3736 357 3812 quos
372 3709 500 3810 stygiae
515 3709 614 3782 instar
631 3737 734 3811 aquae
749 3708 899 3810 corripit,
916 3727 951 3793 ‚et
961 3714 1046 3786 con'.

70 3831 267 3916 vulsionem
276 3833 396 3906 excitat
413 3829 629 3904 mortiferam.
649 3830 757 3906 Solvit
772 3831 858 3907 latex
871 3831 962 3906 idem
972 3858 1046 3915 sau·

71 3953 180 4049 guinis
195 3935 355 4030 elementa
374 3963 432 4049 ,et
449 3938 629 4065 solidomru
647 3952 841 4030 densitatem
859 3952 1043 4030 imminuit:

389 4073 409 4122 .‘
585 4092 620 4125 ;,
666 4079 796 4126 ·,.;,ι
854 4075 962 4131 ··;·r¹.
