2544 4710
506 358 638 463 (αι)

63 515 140 588 dem
180 515 314 589 feliciter
339 517 374 586 in
399 513 488 588 hunc
522 513 611 584 diem
637 511 836 602 absolutae,
870 528 902 584 et
928 515 1037 587 morbi

57 633 285 706 characterum
309 632 419 705 sedula
435 630 670 722 consideratio,
687 629 768 703 mihi
786 645 896 728 aperte
909 632 1039 706 limiam

54 757 202 828 evicere.
233 756 329 845 Quae
368 757 472 826 sime
513 750 726 843 fefellerunt,
768 751 948 826 felicissirne
978 757 1041 827 sim

55 877 240 974 deceptus:
268 902 329 948 nee
355 873 499 947 multum
525 887 663 973 optem,
692 872 773 948 dum
800 887 889 946 tanta
923 902 1040 947 curan·

55 998 87 1070 di
111 996 247 1069 felicitas
270 994 354 1068 mihi
377 1008 438 1066 stet
462 1051 472 1087 ,
500 993 555 1065 ab·
569 996 703 1066 innoxio
741 1020 849 1067 errore
874 994 1035 1068 liberari.

54 1118 130 1216 Ego
156 1117 289 1191 interim
314 1141 433 1188 censeo
456 1117 513 1214 qui
530 1143 548 1186 a
565 1115 641 1186 sede
658 1113 777 1187 doloris
791 1114 906 1187 talium
924 1116 1040 1187 ischia·
1168 1198 1172 1205 ,

53 1233 238 1325 dieorum,
266 1247 364 1331 atque
389 1233 432 1304 ah
457 1235 527 1329 ejus
552 1231 677 1304 effectis
711 1232 882 1331 diligenter
919 1263 1040 1335 expen-

53 1359 94 1426 sis
120 1354 193 1453 (vr
211 1353 226 1451 )
246 1410 255 1447 ‚
284 1352 448 1426 ischiadici
475 1357 566 1425 nervi
591 1356 772 1451 passionem
789 1383 854 1426 non
871 1371 1036 1454 agnoscat,

56 1475 199 1563 fabricae
225 1477 370 1572 corporis
394 1476 530 1546 humani
547 1472 781 1572 intelligentem
797 1476 967 1550 Medicum
984 1478 1038 1549 lo-

56 1620 92 1666 re
117 1599 284 1674 neminem
304 1653 312 1667 .
342 1596 430 1667 Nam
455 1594 545 1694 quod
570 1594 681 1668 sedem
695 1595 817 1668 doloris
841 1597 956 1670 attinet
974 1654 983 1689 ,
999 1625 1037 1670 ca

54 1728 103 1786 est
127 1713 229 1805 talis,
257 1727 293 1785 ut
319 1714 346 1782 si
371 1712 450 1785 velit
474 1739 568 1808 aeger
593 1715 663 1809 ejus
693 1712 872 1788 decursum
896 1715 940 1787 ah
969 1741 1039 1787 osse

60 1830 217 1904 saero'ad
254 1828 440 1927 subjectum
463 1830 582 1924 pedem
619 1831 721 1927 digito
754 1847 1037 1926 commonstrare,

59 1976 121 2021 nae
145 1947 233 2041 ille,
262 1949 362 2025 veluti
388 1948 567 2023 Anatumes
592 1949 816 2044 peritissimae,
844 1977 1035 2025 succurren-

61 2073 103 2143 tis
127 2069 297 2144 ischiadici
321 2071 412 2142 nervi
438 2069 526 2141 viam
552 2071 678 2166 egregie
694 2086 919 2174 persequatur.
936 2073 1039 2162 Quod

56 2192 85 2266 si,
106 2189 220 2288 patim
244 2188 489 2266 Hireomtrns
515 2185 594 2284 (h),
622 2186 665 2258 ah
691 2187 755 2260 hoc
771 2203 877 2262 tractu
902 2190 1036 2281 doloriS,

55 2309 190 2386 cruralis
214 2334 316 2382 venae
341 2309 548 2379 allectionem
573 2311 715 2404 arguerit
734 2364 744 2400 ,
762 2312 967 2383 excusandus
993 2312 1045 2383 oh

55 2446 202 2526 tempora
228 2429 262 2498 in
287 2426 401 2501 notitia
427 2450 607 2498 nervorum
632 2424 824 2523 caligantia.
843 2429 890 2502 Et
911 2432 937 2500 si
953 2433 1041 2503 Pno-

56 2575 136 2626 rran
162 2549 369 2619 Manrranvs
395 2544 467 2649 (i),
493 2554 667 2646 postquam
682 2573 799 2623 verum
823 2551 956 2646 professi
970 2549 1042 2620 sue—

37 2681 130 2745 ,rant
155 2666 331 2742 doctissimi
357 2665 419 2738 viri
447 2662 595 2737 Ioannes
619 2667 792 2742 Rromurs
819 2667 875 2768 (lc)
901 2728 911 2763 ,
939 2686 1037 2771 atque

57 2786 571 2889 Feannnivs(l)Hrrrocnar1s
608 2789 801 2863 sententiam
827 2789 1039 2864 nihilominus

56 2925 104 2983 est
128 2923 282 3002 secutus,
309 2912 473 3006 ignoratae
498 2907 661 3004 sanguinis
677 2907 879 2979 circulationi
894 2906 1048 2984 tribuere·-

58 3027 165 3106 dum.
194 3028 284 3103 Cum
309 3027 398 3097 enim
423 3032 459 3102 in
485 3027 645 3128 quodam
669 3033 937 3111 coementario,
967 3029 1041 3102 hac

56 3146 213 3226 ischiada
237 3146 427 3234 laborante
454 3201 464 3237 ,
492 3147 576 3220 dum
600 3170 627 3219 a
661 3145 882 3225 vehementia
907 3151 1044 3222 doloris.

56 3266 346 3375 fidelitatem(
370 3271 470 3370 quod
489 3292 569 3368 per·
590 3274 826 3367 paroxzhmos
851 3248 1054 3370 continge-¹

57 3389 147 3491 bat)
165 3414 410 3466 cenassemnes
424 3447 434 3484 ,
447 3418 514 3491 per
525 3395 743 3465 exteriorem
752 3409 895 3492 partem
913 3419 1037 3468 coxae
1149 3408 1152 3414 '

101 3577 166 3667 (h)
204 3576 252 3644 ne
290 3545 633 3676 affectionem
645 3537 1035 3653 cachinnantium.

139 3688 216 3756 Lib.
244 3691 271 3756 1.
588 3716 681 3789 ‘⁶³P·
705 3701 737 3764 3,
891 3687 895 3693 ’

96 3799 524 3894 (Ῑ)ΒΜ)5ῑ1Ρ(ῑ1’ῑ115(οἷ)ῦὶΊ
568 3806 611 3897 (Ι)
634 3803 912 3878 Pathol.Lib.tt1.
932 3829 959 3867 c.
986 3806 1040 3872 181

143 3917 216 3980 tato
229 3960 242 3982 .,
342 3914 344 3917 ’
556 3956 561 3961 .
717 3908 727 3918 ·
