2544 4710
566 394 697 500 (te)

140 551 305 653 polyposa
320 555 582 630 aueurismatnm
598 559 748 655 proxime
755 583 896 636 ‘saccum
912 561 1029 665 efficit.
1047 543 1125 655 Qua

145 671 317 772 diligenter
332 671 496 768 detracta,
515 688 549 748 et
565 676 696 751 nudum
719 703 777 751 cor
800 679 891 752 mole
915 684 1015 754 aetati
1038 709 1119 756 con-

138 820 223 893 grua
246 814 315 866 esse
338 795 488 890 ostendi,
516 810 549 868 et
575 797 744 895 integrum
769 800 1016 898 pericardium.
1036 800 1120 873 San·

138 913 250 1013 guinei
275 912 357 986 nulli
382 897 491 1012 grumi
515 916 618 989 simul
645 931 751 1010 erant,
768 918 827 991 sed
851 945 910 1017 per
935 932 1040 994 totam
1057 945 1122 1017 pc-

138 1040 273 1117 ricardii
288 1054 321 1111 et
336 1041 447 1114 cordis
460 1043 740 1140 intercapedinem
756 1069 864 1116 massa
879 1069 1015 1116 carnosa
1039 1069 1120 1133 una,

141 1176 175 1236 et
200 1146 395 1235 uniformis.
424 1161 539 1250 Quam
563 1165 721 1234 exstitisse
746 1161 792 1235 ob
809 1161 971 1234 violenter
995 1173 1128 1233 auctam

140 1282 274 1382 vaporis
297 1279 498 1379 pericardii,
516 1294 550 1352 et
574 1280 751 1380 lympham
774 1278 1016 1379 magulabilem
1042 1277 1125 1350 effe·
1213 1321 1216 1331 ·

142 1417 275 1477 rentem
292 1403 528 1495 secretionem,
546 1428 645 1475 nemo
669 1401 732 1475 ibit
757 1401 901 1476 inficias.
921 1400 1012 1476 Nam
1036 1427 1120 1503 quo-

142 1523 250 1599 modo
277 1527 313 1597 in
337 1549 377 1594 ea
401 1523 503 1615 sede,
530 1523 596 1597 hoc
621 1549 727 1621 genus
749 1522 890 1624 lympha
914 1521 1039 1618 effusa,
1060 1525 1127 1597 mi·

145 1659 225 1721 catu
241 1642 349 1719 cordis
361 1645 498 1734 auctiori
513 1659 665 1745 quassata
677 1648 713 1719 in
729 1671 871 1719 massam
887 1645 1035 1742 potuerit
1049 1671 1131 1719 con·

147 1788 297 1839 erescere
321 1762 551 1864 polyposam,
592 1789 644 1836 res
669 1779 718 1837 est
755 1789 815 1862 per
839 1762 1065 1836 Hireocntrrs
1099 1775 1135 1834 et
1169 1797 1171 1802 ·

149 1882 318 1955 Rurscuu
351 1883 600 1980 experimenta,
632 1881 796 1956 declarata
821 1880 876 1982 (c)
912 1936 921 1952 .
952 1866 1136 1974 Caeterum¹

144 2016 185 2076 nt
202 1997 283 2075 nihil
307 2002 498 2100 sanguinis,
524 2005 570 2074 ita
593 2001 709 2104 liquidi
733 2002 831 2074 serosi
856 1997 937 2072 nihil
961 2028 1040 2076 cum
1065 2027 1133 2095 ea,
1250 2050 1254 2059 .

144 2150 232 2224 quae
250 2121 445 2197 solidissima
470 2138 567 2223 erat,
594 2139 627 2197 et
647 2128 737 2221 ,sicca
762 2149 881 2217 masaa,
899 2124 975 2198 fuit.
994 2125 1136 2223 Experi-

148 2245 305 2342 riigitur
329 2242 518 2321 volentibus
542 2270 655 2336 num,
677 2256 723 2317 ut
745 2256 841 2316 antea
866 2240 883 2342 (
907 2269 1006 2338 xvur,
1035 2270 1093 2317 xrx
1119 2244 1135 2344 )

144 2379 316 2440 ostensum
352 2378 431 2458 est,
459 2390 598 2462 vapores
621 2366 741 2439 interni
764 2363 894 2462 coaguli
929 2364 994 2437 siut
1019 2391 1135 2465 exper-

151 2501 227 2578 tes,
245 2497 360 2559 auctor
385 2486 463 2578 sim,
483 2496 524 2557 ut
550 2483 602 2558 vel
627 2487 744 2560 vivum
759 2484 898 2558 bmtnm
923 2485 1044 2559 animal
1057 2513 1134 2584 ape-

149 2607 271 2697 riant,
296 2601 352 2678 vel
377 2604 552 2681 bominum
577 2605 748 2703 repentino
774 2605 1015 2698 extincturum,
1042 2603 1134 2705 quod

147 2721 219 2822 ipsi
244 2721 412 2795 attendere
438 2721 612 2814 solemus,
640 2722 802 2797 cadavera
824 2722 1052 2822 perlustrent.
1079 2721 1138 2797 Sic
1227 2814 1230 2821 ι

160 2838 533 2940 itaquecondudamus
549 2893 559 2931 ,
577 2837 742 2940 quidquid
766 2842 799 2911 in
825 2843 984 2940 sanguine
1008 2840 1139 2938 coaguli

151 2987 256 3060 capax
282 2975 344 3053 est,
361 2975 541 3062 aptumque
564 2959 920 3057 partiumnutritioni,
952 2987 1136 3060 nunquam,
1162 2940 1165 2945 ,

153 3081 192 3153 in
215 3105 296 3152 sano
324 3094 411 3154 statu
427 3137 437 3173 ,
452 3106 513 3178 per
537 3081 606 3152 vias
633 3103 789 3177 vaporem
815 3080 1000 3152 emittentes
1024 3072 1132 3150 cilun-

157 3197 268 3272 ditur:
287 3213 396 3272 seruat
422 3200 456 3271 id
482 3213 612 3288 natura,
627 3224 694 3271 non
720 3196 850 3296 perdit:
871 3210 905 3269 et
920 3196 1050 3297 quoties
1075 3221 1133 3267 va·

156 3346 220 3419 por
245 3318 376 3418 coaguli
399 3322 538 3395 materia
562 3296 688 3413 scatet,
706 3321 858 3417 impurus
882 3330 931 3392 est
947 3374 957 3411 ,
976 3332 1010 3389 et
1034 3316 1134 3393 sudo·

153 3467 190 3513 re
215 3441 344 3515 interno
369 3455 498 3540 praeter
524 3455 680 3514 naturam
704 3437 854 3512 imbutus
871 3466 880 3511 ι
896 3451 1136 3536 prensantem,

157 3575 190 3634 et
216 3561 345 3660 coaguli
370 3590 476 3661 capax
500 3561 685 3636 secundnm
709 3573 866 3634 naturam
899 3557 1010 3632 nullus
1034 3583 1138 3656 vapor

159 3824 207 3912 (c)
231 3820 354 3890 Confer
373 3847 409 3892 ea
431 3849 514 3916 quae
535 3822 674 3892 diximus
697 3824 732 3890 in
747 3846 845 3916 opera
869 3819 909 3888 de
923 3818 1058 3889 Sedibus
1080 3846 1133 3888 va.
1200 3822 1220 3853 ³

205 3931 282 4001 riol.
310 3961 345 4000 n.
373 3934 464 4002 XLI.
541 4029 545 4036 .
1142 3941 1146 3951 .

915 4017 947 4093 d.
