2544 4710
641 409 837 514 taor

235 576 359 673 repete,
383 573 421 649 in
447 571 535 646 tuso
561 575 766 673 quiescere,
792 596 860 644 nec
884 569 1036 647 ‹lor'mire
1060 579 1222 675 poterat,

223 703 352 762 stante
374 701 479 761 tanta
491 688 718 793 fortitudine·
733 687 925 781 dolorum,
952 705 993 761 ut
1017 692 1071 763 ad
1093 717 1223 790 synco-

230 833 312 907 pem
333 824 551 908 portarent:
579 834 630 885 cx
653 835 724 911 quo
748 824 906 882 secutam
932 815 1220 884 insomnietatem

235 942 396 1003 memorat
420 943 455 1001 et
479 930 750 1036 affectationem
781 951 954 1029 magnam
990 935 1026 1002 in
1059 933 1225 1031 partibus

236 1056 407 1150 gutturis,
427 1067 462 1127 et
480 1058 552 1127 oris
573 1106 582 1123 .
610 1052 655 1122 Et
679 1049 785 1150 paullo
800 1062 874 1148 post
904 1052 1135 1124 virulentiam
1152 1078 1227 1124 mu·

238 1179 350 1245 teriae
375 1173 583 1267 morbfficae
614 1196 846 1271 nonuunquam
873 1171 983 1243 veluti
1005 1190 1222 1247 cancrorum

240 1318 462 1392 exaggerans,
482 1320 563 1366 eam
587 1297 700 1393 inquit
723 1296 833 1363 visam
846 1289 969 1394 facisse
991 1295 1029 1366 in
1054 1292 1226 1366 Pmoun

240 1404 394 1495 Boron,
421 1414 458 1483 in
483 1435 554 1511 quo
578 1409 768 1484 virulentia
799 1413 974 1483 materiae
995 1410 1224 1509 pustrdarum

240 1533 369 1628 capitis
384 1536 623 1606 corrosionem
639 1535 675 1603 in
691 1531 926 1629 pellionum,
945 1545 982 1602 et
995 1555 1138 1605 craneo
1155 1558 1226 1606 ma·

115 1702 118 1707 .
241 1651 367 1754 npeste
392 1648 516 1756 jecit.
556 1650 701 1723 Domum
733 1663 929 1748 unguento,
956 1649 1047 1752 quod
1088 1650 1219 1727 haberet

243 1755 432 1871 axungiae
452 1774 556 1872 porci
577 1776 726 1873 recentis
749 1774 878 1844 uncias
902 1789 994 1862 tres,
1029 1775 1223 1848 terebinthi·

229 1892 317 1966 'nae
341 1893 385 1965 de
407 1896 521 1993 pino,
542 1891 739 1992 lithargyri
750 1897 836 1965 auri
852 1941 859 1969 ‚
878 1919 1048 1968 cerussae
1061 1893 1143 1967 ana
1166 1922 1221 1968 un-
1259 1894 1260 1901 '

232 2012 337 2084 *ciam
363 2008 475 2084 unam
491 2065 500 2101 ‚
516 2013 588 2085 olei
608 2014 744 2087 laurini
765 2018 995 2095 usstassai,
1024 2021 1127 2089 succi
1148 2038 1220 2088 ace·

244 2135 396 2202 tositatis
419 2132 501 2204 citri
521 2146 695 2231 quantum
718 2129 880 2229 offen,
907 2148 946 2205 ut
959 2133 1040 2229 fiat
1064 2157 1218 2232 unguen·
1259 2212 1263 2223 ⁴

133 2284 136 2289 >
244 2260 319 2320 tum
336 2249 530 2351 liquidum,
549 2274 586 2322 se
602 2275 748 2323 curasse
767 2301 777 2335 ‚
798 2252 900 2350 inquit
917 2299 925 2331 ‚
943 2239 1129 2326 deminum
1143 2255 1222 2324 Gas-

244 2391 304 2438 ms
333 2366 558 2439 Canonicum
582 2367 811 2440 Illerdensem
828 2396 854 2441 a
870 2369 1051 2444 doloribus
1063 2371 1219 2473 fortibus

120 2486 123 2491 ’
244 2492 283 2557 in
309 2483 424 2573 tibiis,
454 2484 637 2576 brachiis,
663 2503 699 2559 et
721 2489 801 2558 aliis
832 2485 1022 2569 membris,
1060 2492 1146 2561 curn
1165 2512 1221 2586 pu-

247 2605 348 2676 stalis
372 2610 533 2677 extensis
555 2589 623 2702 per
646 2618 759 2678 totum
784 2629 915 2702 corpus
943 2658 951 2673 .
980 2601 1047 2679 Sed
1074 2603 1218 2703 simmei

246 2725 304 2795 toti
329 2721 402 2794 Viri
419 2777 430 2815 ,
455 2723 518 2823 qui
535 2722 619 2794 inter
636 2723 825 2822 prue'cipuas
841 2747 969 2796 caussas
985 2721 1146 2796 morbum
1158 2747 1222 2822 pro·

243 2836 412 2940 pagautes'
427 2866 493 2912 non
519 2840 680 2937 ignoravit
715 2864 783 2912 esse
807 2846 939 2914 coitum
971 2856 1056 2914 ‘cum
1087 2841 1223 2916 malim

246 2963 402 3035 lambente
427 2961 524 3035 huuc
548 2961 735 3045 morbum,
761 2961 978 3061 colophonem
1009 2960 1105 3035 addit
1128 2964 1224 3062 operis

138 3081 141 3088 ’
246 3081 288 3152 acl
315 3068 558 3154 Assxssnms‘
594 3081 660 3152 VI.
698 3083 896 3181 peroratio,
921 3084 956 3154 iu
979 3108 1046 3182 qua
1077 3097 1153 3182 post
1174 3083 1224 3156 dc·

245 3203 410 3301 precatam
435 3199 624 3277 beatissimo
650 3202 803 3277 Pontifici
828 3206 1000 3301 corporis,
1028 3219 1065 3278 et
1107 3207 1225 3278 animae

76 3314 78 3319 ’
172 3377 177 3381 .
208 3327 221 3430 '¹
247 3320 383 3394 salutem
404 3336 536 3420 ,sperat
552 3322 621 3394 fore
637 3377 647 3415 ‚
666 3337 703 3395 ut
720 3324 791 3420 ejus
808 3322 919 3396 libelli
932 3349 1041 3423 opere
1060 3364 1077 3407 ,¹
1096 3341 1129 3399 et
1143 3348 1226 3397 con·

248 3439 359 3520 silio,
389 3439 457 3512 ¹iste
490 3438 635 3511 morbus
672 3439 830 3511 occultus
853 3444 893 3512 in·
923 3462 993 3512 sua
1015 3430 1225 3516 'Sanctitate

234 3556 393 3629 ‘excelsa
419 3555 555 3629 nulltun
580 3567 841 3630 nocumentum
854 3582 966 3656 agere
982 3612 992 3650 ,
1010 3575 1048 3631 et
1060 3564 1225 3660 imprime·

251 3703 291 3750 re
313 3680 452 3776 possit.
480 3671 587 3770 Cujus
610 3675 719 3771 operis
742 3675 944 3750 rarissimum
959 3675 1130 3776 exemplar
1144 3673 1223 3775 apul

193 3868 194 3871 ,
248 3821 304 3868 me
328 3808 406 3889 est,
433 3795 524 3896 quod
548 3807 630 3892 puto
655 3794 696 3866 ad
722 3793 903 3869 Cardioalis
935 3793 1074 3896 alicujus
1110 3795 1220 3869 biblio

249 3915 380 3989 thecam
401 3914 589 4015 pertinuit,
614 3916 662 3989 uti
687 3929 727 3989 ex'
752 3917 890 4016 oppleto·
904 3915 1064 3997 iconismo
1095 3925 1229 4020 appuul'
