2544 4710
196 460 200 468 ,
572 359 589 461 (
622 358 708 459 ¹5)

135 522 267 638 posita
298 549 486 632 magnam
517 518 666 608 habeut
697 521 908 634 exempla,
944 544 990 606 ut
1023 553 1127 639 quae

138 684 331 746 moveant
359 663 544 751 animum
575 660 674 747 dum
706 661 870 748 docent.
896 663 1063 752 Accidit
1094 666 1129 747 i-

140 804 248 914 gitur
278 826 506 919 opportune
542 825 616 911 ut,
657 832 782 918 quam
818 798 933 886 dedit
974 806 1130 887 Anato-

140 969 228 1050 me,
240 941 375 1028 morbi
395 941 637 1059 frequentis,
661 972 708 1025 ac
728 940 937 1047 obstinati,
962 939 1132 1026 ischia·

142 1078 214 1168 dis
243 1110 502 1190 nervosae,
538 1077 707 1164 curandi
738 1077 981 1164 methodum
1001 1080 1129 1164 habe-

142 1246 257 1329 rem,
291 1237 429 1338 aptam
445 1220 497 1307 ad
517 1219 816 1307 ostendendum
846 1252 972 1339 quam
992 1220 1036 1306 in
1067 1222 1134 1339 ip-

141 1361 195 1445 sis
224 1363 348 1463 etiam
378 1362 648 1479 pertinacibus
677 1362 851 1468 morbis,
887 1365 1041 1476 etjam
1072 1360 1132 1445 fe·

143 1524 188 1586 ‘re
218 1501 543 1609 insanabilibus,
584 1500 636 1587 ad
672 1501 841 1588 feliciter
879 1499 1133 1587 medendum

143 1639 315 1724 humani
343 1642 523 1755 eorporis
552 1637 720 1725 scientia
757 1643 905 1753 juvet.
951 1640 1044 1755 Qua
1080 1639 1133 1725 de

149 1811 232 1886 re,
267 1809 363 1865 cum
392 1780 495 1865 inter
525 1780 782 1896 permolestas
802 1779 981 1867 Clinices
1011 1784 1138 1899 potis-

149 1917 302 2000 simum
337 1918 664 2033 occupationes,
713 1919 900 2004 animum
944 1922 1139 2035 tantisper
1202 2022 1208 2031 Ι

149 2085 318 2141 avocare
349 2057 579 2173 nuperrime
600 2080 858 2174 peroptarem
882 2125 894 2168 ,
918 2084 965 2145 ut
979 2056 1139 2177 aliquid

149 2198 270 2312 potui
297 2199 490 2315 temporis
519 2201 661 2285 anxius
690 2201 893 2308 suffurari,
919 2201 1077 2288 Tecum
1099 2232 1142 2284 a·

152 2372 247 2459 gere
276 2342 412 2450 volui,
446 2341 687 2428 Doctissime
717 2342 960 2449 Summus,
996 2340 1137 2446 brevi,

154 2508 204 2571 ut
237 2483 396 2589 cerniS,
438 2480 771 2567 commentariolo
803 2546 815 2588 ,
857 2510 932 2564 nec
963 2478 1141 2563 multum

158 2649 231 2714 tua
260 2647 442 2740 tempora
473 2621 672 2708 inutiliter
690 2644 915 2707 moraturo.
949 2617 1007 2704 Vt
1041 2618 1144 2703 dum

160 2760 449 2850 Adolescentes
486 2759 672 2874 exemplo
708 2790 792 2843 non
829 2758 908 2844 levi
943 2756 996 2843 ad
1033 2757 1146 2841 Ana-

161 2918 303 2988 tomen
333 2899 480 3007 incito,
514 2926 643 3016 eoque
673 2924 722 2983 ex
743 2894 876 2983 studio
898 2927 1074 2986 summas
1094 2891 1147 2980 ad

158 3033 413 3124 medendum
442 3037 521 3123 illis
540 3033 722 3156 spondeo
738 3037 954 3146 utilitates,
979 3036 1040 3118 Te
1060 3066 1149 3121 me-

157 3181 367 3264 moratum
386 3177 563 3264 habeant
575 3172 785 3264 Medicum
796 3177 1148 3293 sapientissimum

161 3319 210 3402 in
239 3346 324 3435 quo
349 3338 514 3402 cernant
542 3316 692 3402 illustre
722 3315 930 3433 exemplar
968 3347 1150 3402 summae

161 3458 261 3544 artis
290 3456 489 3573 peritiae,
514 3454 716 3571 profectae
747 3457 789 3541 in
819 3456 964 3572 primis
993 3455 1045 3542 ab
1066 3454 1151 3544 exi-

163 3594 252 3687 mia
279 3589 426 3688 nolitia
453 3595 633 3714 corporis
662 3596 847 3697 humani.

183 3929 268 3946 Anu-
