2544 4710
575 394 708 520 (aa)

148 552 293 674 patlibus
317 573 439 649 uultur
462 579 595 674 sanguis
619 578 769 652 educitur
790 632 800 652 .
819 579 955 653 Etenim
979 574 1130 655 caustum

148 696 175 767 ti
198 697 395 792 experientia
419 695 600 794 probatum
625 697 707 771 mihi
722 698 819 774 video
839 755 849 794 ‚
870 699 952 773 nihil
968 701 1053 775 utari
1068 701 1134 775 flu*

143 816 230 889 irum
254 815 416 890 &emus
441 815 557 891 elicere
582 818 736 893 mimium
761 822 930 918 sanguinis
954 847 996 895 ex
1020 820 1133 919 pede.

150 936 248 1026 Quae
267 940 343 1009 res·
349 951 460 1035 potest
484 941 519 1010 in
536 954 577 1010 eo
592 940 754 1012 rationem
771 939 920 1031 habere,
948 941 1136 1042 quoddam

154 1058 322 1154 sanguinis
344 1082 520 1131 montaum
544 1057 588 1130 ad
612 1059 717 1132 infera
740 1075 941 1158 promovet,
970 1063 1038 1136 vim
1065 1064 1137 1160 ejus

150 1174 197 1247 nd
220 1187 356 1249 atenim
380 1172 497 1246 alliciat
521 1176 712 1272 majorem.
739 1177 859 1276 Itaque
883 1175 952 1252 virli
978 1200 1133 1273 suppres⁴

155 1318 233 1368 snm
257 1290 354 1382 saepe
377 1294 460 1368 uteri
485 1293 631 1369 fluorem·
651 1295 717 1370 hoc
741 1296 864 1371 auxilio
887 1310 1135 1395 provocatum,

152 1414 382 1488 imminentem
407 1415 651 1510 acceleratum,
678 1415 806 1492 lentum
830 1418 930 1491 etiam
946 1417 1133 1492 incitatum»

152 1526 247 1606 Nihil
270 1546 384 1607 autem
406 1533 569 1607 efficatius
593 1547 686 1609 utero
712 1536 798 1610 vires
822 1535 943 1630 addit,
970 1563 1010 1610 ac
1033 1534 1138 1613 veluti

152 1647 274 1725 calcari
296 1650 366 1724 sive
391 1648 629 1748 adlmenstrua·
651 1651 760 1742 velis,
787 1655 855 1730 sive
883 1653 925 1727 ad
949 1652 1059 1728 locltia
1083 1640 1152 1726 re?

154 1789 308 1846 vocaret
334 1768 483 1870 nihilque
515 1786 564 1845 est
589 1771 643 1846 illa
668 1776 883 1872 praestantius
908 1775 978 1848 sive
1002 1788 1139 1872 partum

151 1885 322 1962 difficilem
345 1888 505 1988 expedire
529 1894 685 1985 saneris,
713 1893 782 1965 sive
819 1892 1011 1990 expeditum
1047 1917 1140 1965 acco·

150 2005 287 2083 &area
317 2005 479 2091 Alterum¹
507 2036 612 2110 aeque
649 2011 766 2084 efficax
789 2013 825 2083 in
857 2010 955 2108 longo
991 2011 1140 2110 qunssiae

151 2152 217 2201 usn
240 2129 565 2226 positumannilinm
590 2144 669 2223 est,
697 2133 766 2205 sive
790 2146 958 2207 menstrua
983 2153 1136 2230 suppres-

151 2275 190 2325 stt
217 2249 491 2344 evacuaveris,
518 2252 587 2324 sive
621 2250 772 2323 nondum
795 2275 857 2349 pm
890 2252 1015 2325 ratione
1052 2264 1140 2322 aeta-

151 2373 265 2459 tia-iu
281 2368 465 2468 virginibus
489 2374 676 2470 apparentia
691 2369 838 2445 elicere.
867 2370 1015 2445 Uncinm
1040 2371 1140 2469 hujus

153 2490 245 2591 ligni·
258 2490 436 2567 rnnbitam
460 2492 494 2564 in
520 2505 631 2590 partes
643 2507 719 2566 octo
736 2490 1010 2589 soleodispertire
1030 2547 1040 2585 ,
1059 2517 1141 2593 qua-

141 2624 241 2687 ·'rttm
261 2609 411 2710 singulas
434 2612 662 2711 duodeviginti
687 2630 791 2714 aquae
816 2611 1002 2686 ebullientis
1034 2613 1140 2687 unciis

159 2729 240 2803 indo
256 2776 270 2802 a
298 2731 379 2815 Post
403 2729 581 2803 tlttotlecim
604 2729 702 2802 horas
725 2729 926 2827 percolatum
951 2753 1075 2830 aquam
1089 2730 1137 2803 sic

153 2849 265 2923 tribtm
288 2860 334 2922 ut·
348 2876 482 2923 summo
507 2875 604 2922 mane
642 2853 754 2947 jejuno
785 2847 956 2924 stomacho
988 2849 1138 2940 selibra,

139 2967 352 3043 tantundem
376 2967 459 3043 horo
483 2982 560 3042 ante
583 2968 796 3066 prandium,
823 2967 989 3066 reliquum
1025 2965 1141 3064 paullo

138 3104 233 3165 -unte
260 3098 397 3165 coenam
422 3102 628 3163 assumatur.
657 3088 723 3161 Per
747 3087 890 3185 singulos
909 3086 984 3160 'dies
1007 3089 1052 3159 ita
1076 3088 1138 3183 fit,

144 3205 384 3302 ,atbtrnlentis
408 3207 476 3280 vidi
495 3207 731 3305 experimentis
765 3233 844 3281 cum
875 3218 1045 3281 menstrua
1082 3233 1142 3282 ve·

139 3326 238 3403 nisse
253 3372 277 3421 ,·
293 3338 366 3401 tum
390 3352 470 3400 vero
494 3337 527 3398 et
551 3326 697 3400 uterinos
713 3367 730 3420 3,
757 3324 940 3425 inquibus
975 3328 1141 3425 suppressi

154 3469 235 3525 mm
258 3447 616 3540 detrimentosum,
652 3445 747 3521 albos
786 3445 907 3524 fluores
936 3462 1137 3523 revocatos.
1207 3479 1210 3487 ·

156 3568 414 3641 Amarissimam
437 3565 563 3664 lignum
589 3579 621 3638 et
646 3564 854 3640 stomachum
879 3590 945 3637 una
969 3564 1134 3659 roborat,

157 3702 191 3767 et
213 3690 337 3763 minem
359 3701 484 3784 auget.
513 3766 516 3773 ,

260 3792 440 3905 XXXIX.
467 3806 581 3882 Posset
618 3815 729 3881 autem
754 3807 917 3908 (praestio⁸
935 3824 1030 3899 esse,
1057 3821 1140 3879 nntn

159 3927 269 4025 potius
294 3908 336 4000 ci
360 3918 579 4020 allecto'‚'an
605 3951 646 4000 ex
670 3922 775 4000 libero
800 3924 885 4023 pede
922 3923 1027 4027 prosit
1050 3924 1085 3999 in
1111 3927 1139 3995 i·

813 4050 832 4097 2
