2544 4710
568 433 725 534 (ιώ)

160 597 251 695 tique
276 593 443 692 proximae
466 593 609 668 valenter
633 594 866 670 adstrinxerit.
897 595 1012 672 'Nono
1053 596 1133 697 die,
1216 575 1218 584 Ι

157 717 298 792 solidato
322 717 493 790 vesicantis
534 714 672 811 uicere,
712 732 844 792 curatus
868 721 1009 818 perfecte
1045 744 1140 817 aeger

154 850 251 911 erat.
281 836 343 910 Vir
366 836 448 910 alter
472 862 668 929 annorum,
695 849 844 937 quatuor
871 861 969 936 supra
984 839 1136 936 triginta,

111 1045 114 1058 ι
152 951 343 1030 Februario
367 979 480 1027 mense
505 950 618 1026 dolore
645 954 818 1051 corripitur
834 953 869 1026 in
885 981 967 1030 cose
991 955 1135 1048 sinistra,

153 1075 224 1147 sine
248 1098 363 1147 caussa
388 1072 558 1146 manifesta
586 1126 597 1145 .
626 1069 785 1148 Tractum
811 1070 865 1148 hic
895 1073 990 1153 dolor
1022 1098 1137 1174 seque-

153 1191 286 1286 hatur,
313 1192 371 1294 qui
395 1195 502 1265 estin
526 1218 664 1266 nervosa
687 1194 829 1268 ischiade
853 1199 975 1294 postica
1000 1194 1132 1270 tibiali..

159 1311 278 1383 Multis
301 1312 475 1399 remediis,
502 1338 646 1412 quorum
670 1315 726 1387 vix
744 1317 939 1389 memoriam
951 1313 1127 1406 retinebat,

156 1429 313 1504 inutiliter
336 1431 524 1527 adhibitis,
553 1434 776 1532 plurimorum
809 1435 943 1509 consilio
982 1435 1132 1511 Medice-

149 1583 227 1630 rum
274 1552 397 1628 subivit
435 1555 650 1631 universalem
685 1556 954 1657 hydrargyrnsim
971 1611 983 1643 ,.
1020 1555 1137 1654 Hujus

151 1701 253 1774 opera
287 1678 434 1776 quinque
458 1689 492 1747 et
524 1676 642 1773 viginti
666 1675 734 1750 dies
768 1678 932 1774 ingentem
964 1674 1129 1750 salivatio-

155 1823 247 1870 nemu
261 1822 357 1894 aeger
380 1822 493 1892 passus
518 1811 593 1870 est:
620 1795 760 1890 delore,
787 1797 877 1897 qnod
892 1799 1029 1890 mirum,
1049 1823 1145 1894 perr

158 1917 321 2007 sistente,
349 1915 409 1987 esi
433 1928 520 1990 certe
544 1916 710 2007 refracto,
737 1912 1007 2013 quandoquidem
1032 1927 1128 1988 nnete

152 2061 224 2110 non
246 2047 316 2113 tam
341 2034 457 2106 acriter
480 2033 708 2111 insaeviebat.
736 2033 908 2110 Pertaesus
932 2059 1027 2133 aeger
1052 2060 1127 2106 erm
1144 2045 1156 2124 f

147 2158 193 2238 ris
219 2147 497 2254 impedimentum
527 2160 757 2259 ‚,irritamque
792 2162 1020 2252 curationem,
1060 2162 1124 2234 suh
1175 2187 1178 2196 ¹

153 2274 267 2356 initiis,
282 2274 422 2372 Augusti
446 2276 549 2348 fertur
574 2277 616 2349 ad
649 2278 922 2373 Nummium,
961 2278 1124 2379 nnhisqne

150 2392 321 2479 eruamus
344 2394 588 2473 demandatur.
615 2397 730 2471 Primo
753 2397 806 2470 die
830 2397 944 2471 alvum
959 2396 1042 2473 solvi
1056 2401 1134 2497 jus*

153 2517 257 2598 simus
283 2514 444 2597 drachma¹
465 2497 614 2614 'uuivens
652 2517 811 2591 diasarsae
836 2517 1004 2592 solutivae
1042 2545 1121 2593 cum

147 2640 256 2736 &anis
281 2653 356 2713 octo
390 2640 542 2715 mercurii
567 2638 701 2713 dulcis.
737 2638 853 2713 Saluta
889 2654 1004 2739 qnater
1043 2655 1117 2713 est.

146 2755 262 2829 Altero
287 2755 340 2830 die
365 2759 510 2831 vesicans
533 2758 577 2829 ad
600 2756 720 2832 fibulae
736 2772 833 2855 eaput
845 2771 893 2830 est
907 2761 1112 2857 appositum.

144 2873 259 2962 Tertio
285 2878 391 2950 vesica
415 2878 552 2953 excitata
579 2878 645 2953 risa
670 2890 718 2953 est
741 2875 935 2973 perampla,
963 2875 1119 2974 deditque

142 2997 245 3087 incisa
267 2997 481 3075 flavissimum
506 3012 604 3071 tenue
643 3022 784 3072 serum:
812 2995 905 3070 dolor
943 3010 1053 3070 autem
1080 3023 1121 3070 eo

142 3119 195 3192 die
222 3121 331 3197 minor
354 3120 445 3195 fuit.
486 3119 542 3191 Ad
565 3133 720 3194 octavum
756 3143 861 3218 usque
895 3116 1013 3210 diem,
1054 3146 1121 3218 quo

140 3243 311 3320 remeantis
335 3239 427 3315 ulcus
452 3243 650 3333 consenuit,
677 3240 759 3313 adeo
798 3241 920 3328 sensim
955 3239 1116 3312 imminu-

141 3374 194 3441 tus
220 3361 314 3440 dolor
340 3376 434 3455 erat,
462 3361 663 3434 utinterdiu
704 3361 886 3434 levissimus
910 3361 1115 3455 sentiretur,

139 3484 314 3560 nocturnis
338 3497 448 3556 tamen
471 3483 558 3557 horis
583 3483 684 3559 leves<
699 3481 858 3583 quasdam
890 3481 1112 3556 exacerbatio·

140 3631 198 3679 nes
222 3601 360 3677 haberet
380 3659 388 3675 .
417 3603 523 3700 Igitur
538 3604 685 3676 vesicans
699 3601 840 3679 alterum
853 3602 893 3672 in
903 3600 1018 3673 eadem
1034 3599 1111 3672 sede

139 3726 285 3822 positum
308 3736 357 3801 est
385 3779 396 3815 ,
423 3720 552 3821 hocque
575 3723 718 3795 vesicam
741 3721 896 3794 excitarit
931 3719 1107 3819 amplam,

139 3869 223 3942 quae
246 3868 306 3939 per
330 3866 365 3912 se
388 3853 484 3938 rupta
509 3836 640 3913 inventa
678 3855 754 3933 est,
794 3845 971 3941 serumque
1003 3839 1112 3922 visum
1146 3898 1149 3903 .

137 3944 185 4037 est
209 3961 364 4064 effudisse
388 3986 493 4061 equae
516 3973 642 4036 saturae
676 3958 895 4061 idrtyeeollae
914 4040 916 4044 ,
932 3961 1105 4035 tenacitate
