2544 4710
534 470 536 475 ·
654 407 672 513 (
684 409 768 517 ⁵32⁰
782 399 833 496 'l‘
1129 509 1132 512 ,

252 562 398 656 uento,
437 571 470 636 et
494 565 650 639 intestinis
675 570 729 641 vix
754 568 884 641 otlicere
919 567 1126 666 iracomperto
1153 579 1228 645 esta¹

254 686 373 785 Neque
390 690 485 760 enim
509 686 571 759 alia
594 689 719 760 ratione
741 687 834 760 milri'
849 686 999 761 videntur
1021 713 1117 786 saepe
1133 708 1230 788 spon·

253 800 370 880 hucne
394 807 532 880 seriolae
557 788 752 880 lactentibus
773 808 881 907 pueris
904 832 972 879 csse
995 807 1151 882 salutares
1170 866 1180 901 ,
1197 823 1227 882 et

247 921 356 996 ‘levesi
383 924 536 1013 Quorum
563 923 736 998 nonnullos
758 950 835 999 eum
849 925 1006 1001 morbum
1032 927 1146 1002 tulisse
1163 943 1226 1001 tam

250 1038 368 1115 leviter·
389 1044 456 1116 vidi
471 1099 481 1135 ,
494 1057 531 1115 ut
554 1045 643 1142 prius
667 1041 752 1116 beno
776 1041 965 1140 prodierint,
981 1071 1020 1117 ac
1042 1065 1148 1143 prope
1160 1068 1228 1119 ura·

249 1162 444 1251 mmeriut‚'
458 1185 558 1260 quarn
583 1164 729 1258 cognitae
754 1161 875 1235 fuerint
896 1157 1081 1262 conspicitis
1101 1165 1226 1238 indiciis

248 1280 399 1355 venulae.
429 1283 522 1354 Adeo
546 1307 605 1380 per
629 1309 693 1373 se,
730 1310 807 1357 cum
833 1282 920 1356 solae
943 1286 1075 1357 suntin
1101 1285 1221 1375 bono,

248 1412 282 1472 et
305 1425 385 1472 sarm
409 1425 559 1498 conpore,
579 1415 686 1473 tutum
713 1400 867 1493 unciolae,
882 1415 925 1473 et·
942 1401 1115 1476 innoxium
1135 1426 1219 1477 mor·

240 1515 329 1591 -bum
353 1507 488 1611 iaciunt,
508 1533 613 1619 'atque
639 1519 812 1592 humanae
826 1532 960 1591 naturae
984 1517 1113 1592 viribus
1129 1541 1221 1618 snpe-

158 1731 161 1738 ,
245 1638 413 1728 rabilem3
440 1638 525 1712 male
548 1654 696 1737 receptae
721 1653 852 1713 nocent.
878 1639 934 1710 Ex
951 1664 1019 1740 quo
1043 1637 1114 1711 dnn
1131 1662 1221 1739 prae⁴

245 1754 331 1830 olere
354 1757 436 1829 fiunt
461 1758 654 1831 manifesta:
672 1758 818 1856 primum
841 1782 942 1858 quam
968 1747 1109 1856 praestet
1134 1773 1222 1831 trun-

248 1874 348 1947 situm
373 1873 523 1948 variolosi
548 1876 665 1948 veneni
691 1901 750 1974 per
773 1873 838 1949 alvi
860 1875 938 1950 ¹vias
955 1875 1038 1947 adeo
1062 1878 1218 1967 noricum,

224 1993 304 2090 'qui
328 1992 514 2064 innaturali
539 1993 733 2067 vanolamm
758 1993 899 2068 adventu
912 1995 1071 2094 frequens.
1090 2021 1161 2068 esse
1179 1997 1223 2069 ri-

245 2111 368 2204 detur,
395 2111 540 2186 devitare
557 2169 567 2206 ,
586 2115 686 2214 idque
709 2115 817 2212 potius
841 2115 875 2187 in
889 2116 1079 2213 sanguinem
1106 2104 1221 2189 adulit-

238 2244 313 2331 tere
337 2233 505 2331 simplex,
532 2247 564 2306 et
589 2233 722 2326 solum,
749 2234 891 2307 breviori
917 2238 993 2327 via,
1033 2237 1140 2337 qualis
1165 2264 1221 2336 per

244 2366 355 2426 cutem
380 2378 545 2424 rusurronn
571 2353 629 2424 iit:
657 2350 797 2426 alterum
819 2357 985 2453 quamsit
1010 2380 1155 2448 rrocoese,
1175 2356 1222 2428 in·

242 2466 383 2541 vadente
407 2494 561 2558 veucno,
590 2466 795 2568 tranquillare
818 2470 999 2542 machinae
1013 2483 1154 2564 statum²
1167 2473 1220 2543 sti·

242 2586 417 2687 mulosque
441 2615 555 2661 omnes
570 2645 580 2681 ‚
597 2602 631 2660 et
643 2587 922 2686 perturbationum
938 2593 1218 2679 caussasauferre,

248 2733 333 2809 quae
357 2720 428 2782 uon
452 2706 592 2805 integras
607 2705 755 2780 Naturae
780 2709 865 2780 vires
880 2707 999 2781 veneni·
1021 2706 1109 2781 illius
1124 2736 1220 2782 conn-

243 2826 333 2902 tibus
360 2826 555 2927 relinquant.
580 2826 730 2898 'Vumere
747 2824 821 2898 idco
837 2824 1092 2925 quamcitissime
1107 2826 1219 2923 possit,

243 2948 415 3046 ingruente
440 2945 559 3022 morbo
583 2944 757 3039 varioloso,
784 2944 941 3021 omnihus
965 2942 1105 3019 salutare
1128 2971 1220 3045 praev

241 3066 362 3142 edium
379 3081 447 3140 est:
467 3064 557 3167 quod
583 3064 692 3138 sisela
718 3086 784 3136 uon
796 3063 993 3162 praestiterit
1008 3077 1126 3163 tepens
1138 3092 1218 3167 aqna

114 3185 119 3198 Χ
175 3176 177 3182 ’
240 3186 366 3262 affitim
391 3201 512 3286 epota,
539 3183 666 3286 aliquot
689 3185 861 3258 acinorum
886 3185 1129 3283 ipecacuanhae
1152 3211 1219 3261 mn·

242 3307 404 3380 conatione
427 3303 589 3386 efficacior
614 3316 673 3384 est,v
686 3299 876 3388 rcddenda;
898 3327 958 3374 nec
982 3299 1075 3375 enim
1100 3315 1217 3375 nosna-

239 3439 288 3499 tes
313 3425 446 3498 fortiora
472 3424 635 3513 ornetica,
663 3420 882 3500 aurtimonialia
906 3422 1113 3519 praesertim,
1131 3447 1219 3496 cotri-v

240 3539 341 3616 mode
354 3542 476 3613 lerunt.
504 3539 577 3612 Nec
595 3539 732 3612 minoris
756 3537 906 3613 habenda
924 3539 987 3611 alvi
1013 3538 1129 3614 laxitas
1143 3553 1216 3637 apto

140 3637 143 3641 Ι
240 3673 425 3761 purgante,
454 3672 486 3730 et
511 3656 647 3730 sollicite
669 3662 852 3756 proculato·
877 3653 983 3748 vQuae
994 3657 1154 3754 praesidia
1176 3681 1217 3729 nu

242 3784 308 3857 cito
333 3779 600 3853 administrentur
624 3782 788 3854 excusatio
806 3777 892 3852 nulla
905 3791 959 3851 est
975 3777 1017 3850 ¹in
1035 3803 1133 3876 saepe
1156 3777 1217 3850 du<

240 3899 305 3976 biis
329 3899 526 3975 variolarent
543 3898 669 3974 indiciis
693 3897 709 3998 (
731 3922 814 3973 'univ
838 3898 878 3997 >3
897 3922 976 3975 uam
992 3897 1134 3995 venulas
1151 3923 1214 3971 nou
