2544 4710
569 381 698 484 (2⁰)

149 529 323 606 acerbetur
343 560 351 607 :
379 536 513 638 ipsaque
537 535 655 612 ischias
668 542 884 614 intermittens
900 564 1011 614 saevos
1027 563 1134 613 aecesa

146 681 201 729 sus
226 683 301 730 suos
325 684 365 732 eo
389 659 524 760 quidem
550 672 697 758 tempore
722 665 830 737 sortiri
853 662 957 736 solet.
986 661 1046 734 His
1057 689 1129 734 uu-

145 791 213 851 tem
238 779 274 851 in
298 780 484 855 accessibus
507 796 596 857 tanta
619 787 718 882 partis
734 783 868 857 affectae
892 783 929 854 fit
944 780 1129 873 convulsio,

144 911 182 969 ut
207 923 303 997 saepe
328 901 452 999 cr'ampi
477 927 573 976 sensu
589 919 749 977 vexentur
765 906 911 1001 aegroti,
937 901 1062 976 lectum
1075 901 1130 973 fu·

141 1020 254 1115 giant,
282 1023 374 1119 cujus
386 1038 501 1097 noceat
517 1023 607 1097 calor
626 1081 636 1119 ,
655 1024 826 1127 liberoque
840 1028 875 1097 iu
899 1035 976 1097 ae‘re
999 1047 1131 1096 versen-

144 1148 227 1210 tur.
256 1138 340 1214 Fere
375 1157 489 1217 autem
517 1145 553 1217 in
578 1144 676 1216 initiis
707 1148 875 1218 continue
892 1142 975 1217 haec
1008 1141 1126 1215 ischias

91 1348 94 1353 .
143 1285 272 1357 semper
298 1277 375 1358 est,
404 1265 505 1365 fitque
521 1266 662 1358 sensim,
683 1267 775 1366 quasi
793 1265 941 1358 fatiscat,
969 1265 1132 1338 intermit-

144 1391 240 1451 tens.
270 1382 370 1471 Quae
409 1384 631 1458 intermittens
657 1399 770 1456 tamen
798 1382 914 1457 ischias
938 1407 1032 1479 saepe
1055 1407 1131 1453 om-

141 1501 236 1573 nium
261 1507 448 1578 saevissima
472 1531 542 1578 esse
566 1507 676 1579 solet:
703 1521 739 1579 ut
763 1490 817 1579 ad.
832 1507 915 1577 vires
933 1502 1129 1599 colligendas

143 1620 290 1695 inducias
314 1650 443 1698 sumere
458 1629 644 1701 videatur.
674 1629 767 1701 Corn
790 1640 901 1699 autem
925 1651 944 1696 a
969 1627 1125 1698 continua

140 1738 300 1839 plurimos
325 1747 462 1819 viderim
480 1747 514 1820 in
526 1747 704 1823 ischiadem
720 1773 889 1820 nervosam
909 1747 1127 1818 intermitten-

144 1874 211 1934 tcru
237 1868 439 1961 transivisse,
468 1894 540 1941 non
571 1873 736 1941 nerninem
762 1882 875 1941 contra
890 1867 959 1939 vidi
983 1868 1016 1936 in
1045 1893 1125 1939 con-

53 2078 56 2084 <
143 1981 270 2057 tinuam
296 1982 472 2055 ischiadem
498 1986 542 2056 ab
566 1987 799 2057 intermittente
813 1985 1003 2082 relapsum:
1032 1984 1123 2083 quod

143 2125 211 2171 non
236 2105 304 2174 sine
342 2089 429 2200 aegri
454 2122 555 2177 usura
591 2107 715 2178 iactum
740 2107 831 2198 suit,
859 2105 903 2177 ab
929 2093 1124 2176 intolerabili

68 2282 72 2292 .
143 2246 238 2316 saepe
263 2218 381 2292 morbo
405 2221 448 2292 ad
473 2222 638 2296 mitiorem
653 2225 846 2324 transeuntis
866 2276 874 2294 .
894 2223 983 2296 Haec
1009 2238 1123 2295 tamen

144 2344 254 2413 onmia
280 2354 460 2440 utcumque
483 2342 703 2440 procedant,
730 2345 757 2413 si
794 2342 917 2415 diutine
942 2342 1119 2435 obtineat,

144 2466 255 2534 transit
281 2463 360 2535 hacc
384 2461 501 2547 ischias
525 2466 559 2534 in
582 2464 683 2560 partis
699 2462 1120 2562 affectaesemiparalysim:

138 2580 199 2649 ‘cui
224 2577 304 2652 solet
328 2582 498 2655 individua
533 2611 644 2657 comes
667 2584 819 2657 accedere
843 2599 876 2656 et
909 2586 1030 2657 macies
1053 2602 1121 2655 non

143 2695 251 2789 leviS,
278 2714 311 2770 et
334 2702 562 2800 insuperabilis
582 2703 808 2776 claudicatio.
837 2703 1020 2804 Paralysim
1045 2732 1120 2802 per-

143 2817 292 2912 fectam,
319 2823 354 2892 in
390 2837 439 2895 tot
464 2822 648 2922 exeruplis,
675 2823 718 2894 ab
749 2823 810 2894 hac
843 2823 985 2896 ischiada
1009 2840 1121 2898 natam

126 2940 211 3034 ndi
238 2967 436 3040 nunquam.

244 3056 292 3137 V
320 3063 379 3133 His
411 3062 567 3135 omnibus
594 3060 834 3134 characteribus
859 3059 1030 3159 diligwrtcr
1056 3060 1120 3133 ob-

145 3185 309 3273 servatis,
337 3183 419 3258 mihi
443 3200 532 3257 recte
556 3182 787 3279 intelligere
757 3209 844 3257 visus
875 3211 976 3275 sum,
1007 3210 1123 3257 nervo-

144 3303 215 3373 sam
239 3238 415 3373 iscliiadem
438 3302 598 3399 posticam
623 3303 658 3371 in
682 3299 845 3372 ischiadici
868 3304 960 3373 nervi
978 3299 1124 3374 allectio·

144 3448 187 3492 ue
212 3423 412 3495 consistere.
441 3423 554 3513 Quem
579 3422 637 3493 etsi
661 3420 726 3492 fors
751 3446 818 3491 non
842 3416 951 3492 tulerit
976 3447 1123 3521 unquam

147 3560 234 3617 certo
259 3548 294 3617 in
319 3544 450 3618 ischiaei
474 3545 631 3617 cadavere
656 3544 868 3639 investigare3
892 3542 983 3640 qnod
1011 3526 1079 3616 hac
1098 3552 1126 3615 i·
1151 3533 1153 3540 ¹

147 3667 276 3739 schiade
300 3676 487 3765 peremptus
500 3692 602 3739 nemo
617 3665 712 3736 nobis
725 3667 901 3738 occurrerit
918 3693 926 3753 ;
955 3693 1125 3767 nunquam

145 3802 256 3859 tamen
282 3788 420 3860 dubiam
435 3778 543 3860 morbi
560 3786 672 3858 sedem
688 3782 876 3857 stabilivisse
888 3789 1017 3881 putavi.
1039 3788 1127 3875 Eam

151 3910 238 3978 enim
264 3920 296 3979 et
321 3909 502 3983 curationes
527 3907 640 3981 talium
658 3904 906 4003 ischiadicorum
924 3905 965 3977 ad
988 3907 1072 3981 hanc
1089 3909 1128 3977 fr-
