2544 4710
570 381 700 492 (¹9)

141 551 229 623 xime
252 573 310 623 res
329 548 430 622 latent
453 547 563 622 adhuc
587 551 622 620 in
636 536 799 621 obscuro.
815 546 899 621 Sunt
913 563 1025 622 autern
1039 577 1116 624 nera

139 693 239 742 vosne
262 666 415 742 isclr'ntlis
438 668 559 765 speeies
574 666 681 738 duae.
709 662 822 738 Altera
835 667 924 736 enim
941 666 1116 741 fixumdo

138 783 243 859 lorem
268 783 369 857 habet
392 789 427 857 in
451 811 563 873 cora,
591 784 761 880 praecipue
785 797 857 878 post
883 785 1043 880 urnjorem
1068 786 1117 858 le-

142 908 244 979 moris
261 903 520 992 trochanterem,
540 905 597 1002 qui
611 929 740 976 sursum
755 903 795 976 ad
807 929 843 975 os
855 929 1004 998 sacrum,
1023 905 1118 980 deor⁴

142 1051 242 1118 sum,
268 1050 328 1122 per
348 1015 492 1099 exlerlus
517 1024 648 1096 feruoris
672 1022 833 1116 latus‚ad
848 1024 1006 1121 poplitem
1016 1053 1119 1125 usque

141 1149 213 1220 rim
236 1171 332 1218 suam
356 1145 526 1240 extendit:
554 1170 629 1216 raro
653 1144 707 1216 lrie
733 1158 844 1218 nutem
862 1147 896 1217 in
920 1145 1041 1246 poplite
1056 1147 1120 1257 <loq

141 1265 191 1340 lor
213 1267 358 1360 desinit,
384 1267 442 1340 sed
466 1267 592 1364 saepius
617 1294 636 1338 a
660 1264 811 1365 poplite,
838 1266 891 1340 vel
913 1293 973 1366 per
1006 1247 1119 1365 cnpilis

144 1387 265 1461 fibulae
290 1390 450 1462 exteriora
487 1387 680 1480 declinans,
706 1390 739 1459 iu
773 1389 920 1486 priorem
954 1379 1121 1462 descendit

146 1513 255 1584 nuris
280 1523 436 1608 partem,
465 1523 504 1581 et
522 1508 704 1582 secundum
728 1510 871 1584 exterius
896 1508 980 1582 latus
1009 1512 1122 1609 spinae

147 1625 250 1701 tibiae
273 1627 445 1701 anterioris
469 1606 691 1725 percurrens,
718 1641 792 1699 unte
817 1627 1008 1702 malleolum
1032 1643 1124 1701 exto-

147 1749 303 1840 riorem,
331 1750 366 1820 in
390 1747 528 1821 dorsum
552 1746 645 1846 pedis
671 1747 802 1820 tandem
827 1747 944 1820 desinit
965 1748 1055 1837 ;>vel
1069 1749 1125 1821 ded

145 1872 262 1943 missus
287 1870 322 1940 in
347 1869 457 1941 surum
481 1894 540 1964 per
565 1865 755 1939 malleolum
772 1873 963 1943 exteriorem
980 1868 1124 1966 plantam

146 1989 239 2087 pedis
263 1987 392 2084 attingit
423 2040 432 2057 .
460 1985 571 2059 Altera
596 2010 675 2059 vero
698 1987 822 2082 species
846 1988 953 2059 fixum
979 1987 1126 2060 dolorem

146 2112 179 2182 in
204 2109 338 2207 inguine
362 2107 523 2199 ostendit,
551 2109 608 2207 qui
633 2132 691 2203 per
707 2109 893 2180 interiorem
917 2109 1069 2198 femoris,
1088 2136 1126 2181 ac

147 2256 240 2303 surae
266 2240 418 2325 portem,
446 2252 557 2307 versus
580 2225 700 2322 pedem
723 2241 941 2324 propagatur.
959 2228 1122 2321 Priorem,

146 2347 236 2447 qnod
259 2347 397 2444 posticas
421 2345 558 2416 insideat
589 2368 691 2416 corae
715 2358 822 2440 partes
853 2403 861 2433 ‚
890 2359 1022 2445 totaque
1048 2349 1133 2438 l'una¹

149 2469 244 2540 detur
270 2467 305 2538 in
327 2465 492 2539 'ischiadici
517 2466 608 2538 nervi
632 2464 803 2537 affectione
817 2521 826 2558 ‚
839 2466 1030 2540 ischiadem
1046 2496 1128 2540 ner*

150 2566 271 2663 vesum
302 2595 475 2687 posticam
508 2585 633 2684 appello
661 2584 868 2680 tollerem,
896 2587 988 2686 quod
1023 2614 1128 2662 coxae

148 2713 256 2807 priora
278 2707 468 2804 possideat,
496 2708 652 2807 nervique
669 2705 801 2781 cruralis
823 2709 970 2805 passione
994 2737 1129 2806 genere*

150 2842 204 2902 tur
222 2879 233 2919 ‚
259 2847 449 2900 nervosam
474 2825 668 2899 ischiadem
682 2831 842 2898 anticam
858 2827 1038 2903 nominabo
1054 2889 1060 2901 .
1079 2831 1130 2903 De

150 2942 282 3043 singulis
297 2944 377 3044 quid
389 2942 528 3016 habeam
543 2935 769 3016 obserratione
782 2959 1016 3041 compertum,
1033 2950 1130 3047 quid*

153 3089 216 3162 que
241 3064 408 3153 sentiam,
438 3090 525 3136 nunc
550 3062 693 3136 breviter
717 3063 854 3138 dicam.

260 3182 327 3255 IV.
356 3182 400 3254 Et
423 3184 568 3280 primum
593 3184 635 3256 de
668 3185 790 3284 postica
815 3186 956 3260 iselriade
994 3213 1132 3286 nervosa

155 3301 234 3375 lraee
259 3300 436 3398 generatim
462 3300 663 3378 observavi.
691 3305 743 3376 Ea
767 3305 904 3404 quidem
939 3322 996 3380 aut
1020 3316 1132 3382 coatia

155 3446 239 3531 naar
253 3421 425 3512 occurrit,
451 3435 507 3496 aut
542 3427 803 3497 intermittens:
836 3424 1012 3526 aliquando
1044 3432 1134 3502 enim

154 3538 251 3631 dies,
291 3549 495 3640 noctesque,
521 3540 714 3616 ischiadieus
739 3543 835 3615 dolor
873 3548 941 3617 sine
967 3573 1060 3618 mora
1084 3547 1135 3618 dia

156 3660 322 3746 serueiat3
361 3655 552 3760 saepissime
578 3688 657 3736 vero
694 3662 837 3735 inducias
862 3664 950 3756 dat,
982 3667 1136 3763 statisque

159 3779 361 3879 temporibus
386 3783 588 3877 revertitur,
615 3796 648 3856 et
673 3786 802 3859 saevit.
837 3785 979 3884 Utrique
1004 3785 1038 3856 id
1063 3812 1134 3855 orna

158 3901 232 3973 uino
261 3915 409 3974 constans
433 3917 480 3974 est
507 3916 542 3974 ut
567 3899 753 4001 vespertinis
779 3905 812 3974 in
839 3902 928 3976 lroris
952 3901 1043 3974 dolor
1077 3928 1135 3972 ex1

807 4032 827 4075 2
