2544 4710
453 414 469 511 (
496 406 609 504 331')
728 372 734 386 Ι

56 566 239 640 mariarum
279 563 482 638 adstantibus
513 565 722 661 injecerant,
748 564 850 640 livido
887 567 1041 668 quodum

60 697 192 782 aspectu
217 709 251 755 se
275 683 505 761 ostendentia.
532 684 600 762 Sed
620 700 636 777 ,'
658 684 833 763 sudoribus
866 689 1039 768 matutinis
1138 784 1140 790 ι

56 801 145 876 boris
168 805 481 902 perseverantibus,
509 810 568 881 etsi
600 805 785 905 paullulum
821 807 1033 898 imminutis,

10 910 12 922 ’
56 923 176 1020 quinto
200 921 254 996 die
279 926 380 998 timor
404 928 512 999 ernau
528 926 679 1003 evanuit.
700 924 790 1007 Nam
809 924 956 1023 pustulae
964 941 1039 1002 sta·
1060 961 1061 965 ¹

56 1042 110 1115 dia
135 1069 193 1117 sua
217 1045 476 1119 ruirafelieitate
501 1060 751 1143 percurrentes,
778 1051 870 1146 quasi
896 1073 948 1119 res
971 1046 1034 1119 illis

57 1190 134 1236 cum
161 1162 471 1239 subsannasset
491 1221 502 1258 ‚
529 1179 562 1239 et
586 1165 775 1241 distinctum
800 1164 844 1236 ab
879 1189 1034 1245 earum·-

55 1283 138 1357 bum
164 1286 356 1379 efficerent,
382 1301 500 1386 quarto
524 1286 653 1362 decimo
677 1286 808 1386 aegram
842 1291 1044 1366 maturatio--

56 1408 106 1478 nis
131 1407 195 1476 line
220 1431 332 1478 sanam
357 1404 540 1505 reliquere.
567 1407 607 1478 lu
632 1433 698 1506 qua
723 1420 794 1479 tuto
818 1405 928 1485 morbi
946 1419 1031 1483 tem·

56 1552 134 1623 pom
159 1530 322 1622 appetitus
347 1524 503 1598 cibumm
529 1524 611 1597 aileu
649 1528 783 1621 viguit,
810 1537 847 1601 ut
886 1522 1034 1621 quotidie
1147 1554 1156 1566 ·

56 1649 242 1718 assumserit
266 1651 349 1744 justa
384 1673 568 1737 mensura,
604 1626 637 1716 et
678 1634 791 1720 alvum
815 1672 834 1716 a
860 1645 1031 1742 septimo,

56 1797 135 1841 cum
160 1769 294 1838 sudores
320 1769 462 1839 maxime
498 1769 686 1838 remiserant
706 1773 720 1844 ,’
751 1764 903 1839 habuerit
937 1789 1045 1860 apere

56 1901 125 1956 tam
147 1941 154 1955 .
179 1886 226 1955 ‘Ei
251 1899 361 1957 tarrreu
385 1912 463 1983 prae
488 1899 578 1982 putu,
594 1883 656 1954 seri
681 1883 770 1958 lautis
795 1910 893 1982 aqna*
908 1882 1033 1956 ‹lituus-

57 2009 131 2078 simi
155 2006 387 2104 liupuentatu,
415 2006 588 2104 per-uviaui
608 2006 736 2078 corticis
773 2002 866 2077 doses
904 2003 1045 2103 aliquae

37 2140 129 2223 *post
153 2125 277 2197 sudoris
302 2126 401 2195 finem
426 2123 571 2224 quotidie
595 2136 674 2196 suut
697 2121 890 2205 exhibitae.
1043 2185 1046 2188 .

157 2243 343 2314 LXXVII.
373 2241 455 2340 Spes
471 2241 953 2340 igiturcorporum-varinium
972 2270 1031 2314 ve-

56 2391 141 2436 neno
167 2365 361 2437 infectorum
386 2362 473 2437 nulla
501 2391 578 2443 cum
614 2367 655 2437 sit
683 2363 816 2437 feliciter
850 2362 1030 2454 evadendi,

56 2486 118 2556 nisi
142 2485 176 2554 in
200 2487 356 2555 extimam
379 2499 490 2557 cutem
515 2487 631 2557 veneni
666 2482 840 2583 particulae
879 2483 1031 2557 secedunt

56 2630 199 2697 omnes,
227 2618 258 2675 et
282 2601 497 2694 abutantur,
524 2628 751 2703 quaecumque
788 2601 907 2675 auxilia
942 2602 1031 2675 hunc

57 2734 220 2796 secessum
244 2721 415 2795 sollicitant
438 2722 639 2795 admittenda
664 2734 738 2793 sunt
756 2775 765 2792 .
786 2721 919 2811 Quibus
935 2749 1031 2818 saepe

57 2845 182 2918 Natura
207 2853 273 2917 nou
298 2842 423 2938 indiget
446 2870 523 2916 cum
548 2841 632 2914 tabis
656 2842 763 2914 omnis
787 2867 903 2938 expers
935 2868 1034 2914 vene·

56 2990 137 3036 num
163 2969 312 3062 recepit.
340 2963 428 3035 Nam
452 2962 495 3033 ad
517 2960 600 3033 illud
619 2958 844 3058 recipiendum
861 2985 964 3058 aeque
980 2987 1031 3034 sa·

55 3087 179 3156 nissimi
204 3099 278 3159 sunt
299 3139 308 3177 ‚
336 3072 374 3155 ac
397 3082 575 3180 perinfirmi
599 3079 737 3178 subjecti
758 3107 767 3152 :
787 3106 827 3154 eu
840 3092 965 3156 tautum
983 3081 1032 3154 di-

58 3206 228 3297 scrimiue,
256 3203 349 3304 quod
373 3228 443 3276 non
461 3201 535 3274 ideo
550 3198 868 3300 aequeafficiantur.
887 3199 1032 3274 ,Etenim

57 3327 127 3397 sani
143 3327 258 3399 veneni
283 3321 381 3396 solius
405 3313 539 3396 effectus
563 3322 649 3395 bena
665 3320 814 3415 serunt,
836 3318 1032 3420 nullumque
1080 3379 1083 3386 .

57 3448 88 3518 ei
113 3444 318 3519 obstaculum
344 3443 421 3516 daut
444 3471 485 3518 ne
509 3459 631 3544 sponte·
645 3468 734 3538 sua,
770 3462 839 3543 quo
875 3456 1032 3542 tanquam

57 3564 261 3659 attrahitur,
290 3578 322 3636 et
347 3564 482 3662 vergit,
509 3577 632 3637 tanseat
654 3561 698 3634 ad
721 3574 860 3634 cutem.
895 3561 1046 3652 Plethu·¹

56 3711 94 3757 ra
120 3698 245 3756 tautum
269 3696 400 3782 possem
437 3707 564 3757 veneno
587 3684 712 3776 ueniti,
747 3707 860 3780 quam
894 3667 1048 3760 salutari

58 3802 192 3881 consilio
217 3803 369 3878 Medicus
393 3803 585 3878 sufficienter
596 3803 774 3877 imminuet
790 3798 1026 3900 phlebotomia»

58 3925 167 4022 Cujus
201 3921 442 4000 administratio
470 3923 623 4005 delinitus
664 3921 769 4000 hahet
790 3948 883 3998 casus
905 3977 913 3996 .
937 3919 1030 4005 ,Nam
