2544 4710
14 40 21 145 l
499 108 633 210 (6³)

79 260 188 339 bbulis
211 262 398 340 nuditatem
432 267 633 368 experitur.
669 264 780 346 Natus
813 269 905 344 euim
929 295 950 344 a
973 269 1069 370 spina

10 462 12 487 Ε
76 383 188 459 mdioe
211 381 387 486 multiplici
412 400 490 489 post
512 390 678 488 majorem
701 387 839 464 femoris
874 387 1066 467 ¹troelrtute-

75 530 148 581 rem
172 503 325 581 coalescit
349 507 384 580 in
408 520 569 583 truncum
604 505 800 583 ischiadieus
835 533 984 586 nervus:
1011 512 1066 587 iu·

71 642 189 729 terque
213 625 311 701 illum
335 627 601 725 tmchmterem,
628 629 843 734 gluteumque
872 633 1064 712 musculum

72 751 262 849 nmjorem,
290 750 490 850 qmdratum
514 752 673 846 femoris,
701 765 864 853 caputque
889 752 1061 855 bicipitis,

69 865 226 952 uiuentis
261 867 377 963 facili,
405 882 439 943 et
462 868 561 965 lum,
602 871 769 946 deseendit
806 873 849 947 ed
871 873 1059 974 poplitem,

69 983 201 1086 bicipiti
225 979 419 1088 subjectus’,
446 1018 486 1066 uc
509 993 794 1068 semitenfflnosu.
833 992 876 1069 lu
900 1008 970 1070 toto
996 997 1062 1075 hoc

66 1117 180 1183 tractu
202 1108 353 1183 ambitur
377 1137 499 1187 nervus
522 1111 670 1214 undique
694 1110 878 1207 musculis,
907 1140 974 1188 non
1001 1115 1062 1191 ad-

65 1229 260 1329 stringitur3
287 1245 442 1336 totusque
467 1237 592 1333 vaginis
615 1233 787 1310 durissimis
811 1233 955 1310 molliter
981 1264 1060 1318 oon·

65 1348 190 1425 tinetur
209 1405 219 1423 .
249 1350 408 1438 Truncus
423 1377 529 1447 vero,
557 1367 594 1427 ut
607 1351 770 1452 poplitem
780 1353 907 1451 attigit,
925 1355 960 1427 in
977 1355 1059 1431 duas
1204 1386 1208 1395 ·

13 1479 17 1487 '
62 1482 172 1568 perles
195 1475 386 1572 praecipuus
411 1472 555 1546 seceditz
572 1498 716 1572 quarum
732 1471 834 1547 ultera
853 1474 989 1571 major,
1008 1472 1060 1555 di-

64 1595 377 1689 rectiuuemtruuci
403 1572 643 1694 prosequitur,
670 1618 846 1692 seramque
858 1596 991 1692 penitus
1005 1596 1058 1681 iu-

61 1727 126 1787 trat
149 1717 235 1789 iuter
258 1716 417 1813 principia
442 1714 586 1789 musculi
604 1712 881 1813 gastrochnemii3
909 1715 965 1789 cui
979 1743 1056 1803 mu·

59 1833 152 1908 scuto
176 1831 357 1932 subjectu,
385 1847 418 1905 et
442 1831 587 1908 valenter
611 1833 791 1928 adstricta,
811 1857 924 1917 versus
945 1831 1053 1907 calca-

58 1978 164 2057 neum
190 1952 389 2033 descendit:
416 1955 527 2027 minor
541 1951 649 2027 utera
676 1973 757 2031 vero
783 1949 971 2051 pers'eruri
995 1979 1054 2025 ex·

55 2077 157 2165 terips
175 2071 345 2165 ,aduoluta
368 2087 565 2148 antrorsum-
585 2071 754 2151 deflectit.
784 2069 898 2145 Minor
937 2082 1053 2151 autem

56 2189 139 2269 buee
163 2191 274 2269 ultera.
288 2218 364 2292 pers
389 2207 437 2267 est
463 2191 509 2272 ob
526 2218 740 2278 nervosorum
751 2191 930 2265 staminum
941 2218 1052 2292 quan·

15 2317 17 2326 '
55 2313 185 2413 titetem
211 2315 407 2407 minorem,
436 2313 505 2388 sed.
529 2314 724 2412 vaginarum
759 2308 890 2385 laxitate
931 2327 1050 2387 trunco

56 2460 205 2534 supper.
234 2433 325 2513 Nam
350 2462 370 2506 a
394 2448 511 2510 trunco
534 2434 680 2532 proseuta
705 2457 765 2530 per
790 2432 987 2509 exteriorem
999 2435 1050 2507 in-

20 2599 21 2605 1
54 2534 275 2657 serioremque
300 2581 390 2655 genu
415 2569 544 2655 partem
567 2552 702 2653 oblique
719 2551 913 2646 descendit,
941 2554 1047 2641 imam

55 2676 304 2776 supergrediens
329 2675 445 2772 cupitis
471 2671 605 2748 ‘fibulae
629 2671 769 2747 sedem.
798 2669 855 2764 In,
874 2696 941 2770 quo
972 2684 1047 2747 toto

56 2796 216 2877 descensu
241 2825 261 2870 a
285 2810 405 2873 trunco
431 2794 475 2869 ed
499 2793 640 2879 fibulam
666 2792 757 2892 omui
782 2790 933 2866 mmculo
958 2794 1048 2867 nuda

54 2934 127 3014 est,
156 2934 210 3012 et,
223 2992 226 2996 ,
238 2919 299 2997 uisi
323 2918 414 3023 quod
437 2918 605 2997 communi
624 2917 820 3014 uponevrosi
837 2911 952 2990 leviter
966 2942 1045 3016 prq-

54 3043 195 3140 tegitur‚
222 3042 288 3116 cuti
311 3043 461 3142 subjectu
484 3036 721 3141 progredittu.
749 3036 851 3109 Laris
874 3035 952 3111 ideo
979 3037 1043 3115 hac

51 3171 118 3241 tota
143 3160 180 3259 ip
204 3159 302 3253 tede,
328 3172 362 3237 et
386 3184 507 3258 vapore
532 3155 690 3245 divitibus
721 3155 848 3256 gaudet
886 3160 1040 3258 vaginis.

48 3278 214 3382 Superato
239 3279 361 3354 fibulae
384 3283 514 3380 cupite,
541 3282 626 3354 iuter
650 3303 848 3378 peroueum¹
870 3273 1038 3379 longum,

47 3400 234 3503 fibulaeque
257 3427 375 3501 corpus
394 3399 585 3479 descendit:
613 3397 755 3496 indeque
772 3391 836 3481 sub
859 3393 963 3497 longo
978 3429 1038 3476 vu·
1185 3412 1191 3420 '

49 3523 97 3600 dit
120 3524 300 3623 digitorum
322 3523 416 3622 pedis
431 3537 621 3614 extersere,
648 3508 782 3597 tendem
798 3517 884 3589 inter
895 3515 1037 3621 longum

53 3660 258 3723 extensorem
279 3641 408 3744 pollicis
433 3698 458 3755 ‚x
473 3656 506 3719 et
530 3639 679 3719 tibialem
711 3635 910 3715 anteriorem
924 3654 953 3736 ,'
969 3645 1039 3726 Ha-
