2544 4710
579 403 741 510 (⁸¹³7)

151 565 305 666 aegroti.
333 564 507 668 Siquidem
535 564 595 640 diu
619 569 757 642 immota
780 565 893 640 habita
932 589 1030 640 crura
1059 622 1069 661 ‚
1109 591 1145 640 o·

158 691 242 762 tiam
266 685 439 763 ischiadico
464 687 577 762 dolore
599 689 801 789 profligato,
844 702 1002 789 tanquam
1041 688 1141 806 semi-

159 805 329 906 paralitica
351 808 487 907 jacent.
515 807 604 884 Huic
627 811 709 885 vitio
731 808 889 884 auxilimn
905 824 954 883 cst
986 835 1050 883 una
1075 822 1141 882 sta·

156 928 222 1002 tim
253 939 432 1025 suscepta,
459 926 519 1000 etsi
556 927 649 1000 initio
683 925 880 1021 laboriosa,
923 925 1140 1020 exercitatio,

155 1073 245 1149 quae
269 1045 540 1143 consuetudinem
564 1046 726 1122 voluntati
751 1047 916 1148 parendi,
955 1073 1058 1150 quam
1085 1045 1144 1120 de·

155 1167 241 1243 sidia
265 1166 463 1262 hebetavit,
490 1181 625 1242 revocet
649 1169 683 1241 in
710 1171 849 1261 nervis,
887 1169 1061 1269 metuique
1083 1193 1136 1241 re·

103 1335 105 1340 ·
155 1291 300 1364 stiunt.
328 1288 421 1364 Nam
444 1289 488 1363 ‘ad
520 1301 653 1364 motum
672 1288 897 1364 voluntarium
913 1285 1144 1371 membrorum

155 1433 219 1484 nos
244 1421 360 1482 natura
386 1407 558 1507 disponit,
585 1421 619 1482 et
643 1406 812 1508 impellit,
848 1433 926 1482 eum
965 1432 1043 1482 vero
1065 1433 1143 1508 per·

138 1530 261 1624 1ficit5
286 1537 319 1602 ct
345 1542 452 1603 servat
475 1529 688 1602 exercitatio.

145 1680 148 1685 ·
257 1648 357 1721 LIV.
401 1647 490 1724 Cum
522 1675 602 1723 vem
638 1649 673 1721 in
698 1647 803 1720 tibiali
838 1646 982 1723 ischiade
1017 1649 1141 1748 postica

156 1766 330 1842 vesicands
369 1767 454 1840 actio
479 1766 522 1840 ad
559 1769 794 1866 praescriptam
830 1766 942 1840 sedem
980 1766 1132 1866 applicati

151 1885 302 1982 egregios
327 1909 456 1984 semper
480 1883 617 1960 effectus
641 1885 828 1976 attulisset,
856 1887 1043 1984 saepissime
1077 1913 1132 1959 ac-

152 2005 234 2080 cidit
257 2019 297 2080 ut
338 2006 373 2079 in
397 2008 522 2104 postica
548 2033 683 2082 nervosa
718 2006 863 2080 ischiade
887 2005 984 2080 suraii
1019 2032 1138 2106 parum

149 2124 333 2223 proficuam
372 2127 443 2223 ejus
469 2151 605 2225 operam
630 2110 868 2201 observarem.
887 2124 947 2197 .Id
985 2152 1048 2199 me·
1064 2152 1138 2200 mo·

147 2246 226 2338 vit,
252 2258 291 2318 ut
314 2248 456 2320 curatius
466 2246 694 2345 inquirerem,
723 2271 802 2318 curn
818 2244 853 2317 ia
880 2269 1028 2319 caussam
1066 2242 1134 2319 hu-⁴

145 2364 200 2462 jus
223 2363 334 2436 irritae
357 2389 475 2462 operae
499 2366 700 2458 vesicantis‚
727 2378 801 2438 tum
840 2366 874 2436 in
912 2363 1075 2438 auxilium
1101 2366 1134 2437 ei

146 2505 304 2557 nervosae
328 2483 480 2558 ischiadis
518 2484 663 2585 speciei,
690 2509 893 2588 quamquam
918 2487 1031 2558 minus
1071 2486 1136 2558 fm-

144 2604 290 2707 quenti,
316 2607 422 2703 magis
446 2619 702 2707 opportunum.
737 2607 783 2679 Et
808 2631 886 2680 vero
927 2604 1010 2678 mihi
1048 2619 1135 2681 stru·

144 2741 274 2801 ctumm
299 2725 562 2829 positionemque
592 2726 757 2801 ischiadici
801 2728 894 2800 rrcrvi
928 2726 1135 2803 consideran·

145 2841 373 2916 tiverisimile
410 2844 521 2920 visum
547 2857 621 2939 est,
652 2845 843 2919 ¹ischiadem
867 2847 1024 2943 posticam
1059 2873 1133 2922 mo-

142 2967 188 3038 do
215 2966 379 3061 integram
404 2964 617 3040 ischiadicum
642 2991 780 3039 nervum
812 3020 823 3059 ,
850 2964 953 3038 modo
986 2964 1131 3043 duorum

143 3086 216 3185 ejus
241 3086 455 3184 insigniorum
480 3113 651 3162 ramorum
674 3086 868 3162 alterutrum
882 3085 1022 3159 insidere
1055 3141 1063 3158 .
1093 3087 1131 3164 Si

141 3199 310 3298 integrum
334 3198 502 3296 insideat,
529 3215 670 3303 utroque
694 3214 839 3301 spectare
858 3257 869 3296 ,
887 3225 1019 3303 unaque
1049 3229 1129 3276 cum
1241 3219 1244 3225 '

140 3334 259 3397 hunno
283 3333 317 3393 et
339 3326 485 3416 suram,
512 3308 545 3397 et
570 3321 687 3397 tibiam
726 3322 769 3396 ad
792 3319 886 3421 pedis
921 3348 1027 3423 usquc
1051 3322 1130 3398 dor-

141 3464 219 3517 sum
244 3438 417 3530 indolere;
446 3444 473 3515 si
510 3458 669 3541 partem,
697 3457 843 3542 spectare
877 3441 1057 3519 ischiadcm
1070 3445 1128 3522 ‘ad

140 3589 216 3637 mm
241 3562 344 3637 cratis
369 3561 482 3638 sedern
507 3562 679 3666 adquam
703 3590 779 3663 pars
802 3562 858 3636 ilia
871 3564 963 3636 nervi
990 3563 1126 3648 descen·

140 3683 198 3760 dat
218 3739 240 3762 .,
256 3683 372 3786 Itaque
395 3685 430 3757 in
454 3684 551 3786 sarali
577 3684 750 3785 ischiada,
777 3711 881 3784 pars,
906 3711 1017 3786 quae,
1044 3714 1124 3779 cum

140 3790 265 3876 bifidus
289 3822 408 3876 nervus
433 3801 467 3876 in
492 3801 613 3903 poplite
636 3802 771 3878 discedit
788 3801 838 3904 (s)
860 3859 869 3896 ,
890 3801 1024 3877 interior
1048 3818 1115 3898 cst,

538 3961 741 3980 η*

135 4020 182 4108 (a)
205 4017 293 4087 aaa.
324 4020 369 4089 11.
398 4020 471 4112 aig.
499 4021 526 4092 1.
553 4020 612 4088 aa.
702 4020 710 4026 ·
787 4004 789 4009 ’
