2544 4710
429 320 703 511 Ι(31)

142 563 852 661 illatenau,tantiesseviteaan,ut
887 563 1117 666 menapos
1224 635 1227 641 ,

140 702 284 762 mortem
305 687 422 762 eadem
460 687 513 761 illa
537 689 639 788 spatia
672 702 779 788 posset
804 716 889 790 aqua
920 687 1114 786 complere.

142 809 280 895 decedit
301 809 391 911 quod
415 807 546 883 collecti
571 811 658 884 circa
682 808 854 883 cerebrum
871 823 929 903 ,et
952 807 1114 907 spinalem

141 929 349 1026 medullam,
376 933 446 1006 veri
470 930 615 1006 humoris
638 931 884 1030 praesentiam,
906 929 965 1001 de
988 956 1052 1031 qua
1078 930 1115 1001 iu

143 1051 278 1126 bomine
301 1051 379 1128 viro
402 1053 619 1146 dubitamus,
647 1054 830 1127 viventium
843 1050 1064 1151 quorumdam
1079 1077 1124 1122 a-.

143 1169 316 1244 uimalium
350 1171 558 1246 dissectioues
595 1170 758 1244 affirmant
787 1227 796 1246 .
825 1169 934 1242 Variis
967 1171 1116 1242 enimin

141 1288 287 1386 piscibus
311 1303 368 1364 aut
392 1293 504 1385 vivis,
531 1305 588 1364 aut
613 1293 764 1364 statima
799 1305 906 1363 morte
940 1289 1113 1381 dissectis,
1209 1327 1213 1335 =

143 1407 198 1480 sed
223 1411 430 1506 potissimum
454 1403 672 1506 intestudine
697 1412 851 1501 marina,
890 1435 991 1508 quam
1014 1406 1116 1479 libras

141 1511 330 1628 quindecim
343 1532 454 1628 pondo
475 1543 670 1629 aequantem
695 1554 799 1626 nuper
824 1528 934 1621 viyam
961 1528 1116 1600 dissecui-

139 1677 244 1745 mus,
271 1677 434 1749 cumpro
467 1649 628 1724 calvariae
650 1651 826 1747 capacitate
864 1648 988 1723 cerebri
1013 1644 1116 1722 moles

138 1786 221 1844 esset
245 1774 450 1870 perexigua;
478 1784 516 1843 ut
540 1799 560 1842 a
583 1770 709 1844 cerebri
745 1771 821 1842 sede
847 1769 887 1840 ad
921 1783 1026 1842 totum
1052 1795 1116 1841 au-

142 1887 242 1988 dique
267 1887 424 1970 caluariae
448 1885 641 1980 ambitum,
676 1883 822 1958 multum
846 1887 941 1983 spau‘i
975 1888 1116 1962 interce-

138 2007 257 2096 deret3
277 2004 347 2081 ‘boc
373 2033 472 2080 omne
497 2009 638 2102 spatium
667 2031 751 2104 aqua
780 2003 884 2075 multa
924 2004 1115 2102 compleba·
1240 2077 1244 2083 ,

140 2140 222 2218 tur,
248 2151 333 2225 quae
357 2127 443 2198 circa
466 2123 646 2197 medullam
679 2125 783 2221 ipsam
803 2179 813 2216 ,
831 2120 834 2133 ’
849 2126 961 2220 spinae
993 2152 1116 2200 cavum

139 2244 328 2344 ceteroquin
350 2269 434 2341 pene
459 2243 703 2340 complentem,
731 2242 897 2347 interserta
922 2242 1112 2341 apparebat.

138 2365 212 2440 Hoc
237 2379 350 2438 tamen
373 2363 464 2438 idem
487 2391 594 2464 neque
609 2363 642 2433 in
659 2364 741 2435 vivis
764 2362 899 2435 canibus
923 2359 1039 2460 potui,
1058 2392 1117 2438 ne-

139 2513 203 2587 que
227 2488 263 2558 in
287 2485 506 2559 animantibus
528 2483 713 2558 volatilibus
736 2485 918 2581 comperire
940 2511 952 2573 ;
979 2486 1056 2584 quia
1080 2488 1115 2558 in

139 2609 188 2682 his
211 2606 415 2698 cerebrum,
442 2605 648 2705 medullaque
672 2603 829 2703 spinalis,
856 2619 964 2678 tantae
989 2609 1116 2705 magni-

140 2726 263 2799 tudinis
286 2752 365 2798 cum
396 2725 430 2794 in
468 2726 563 2816 vita,
590 2737 663 2797 tum
687 2751 706 2794 a
730 2718 836 2796 marte
871 2727 1109 2818 inveniuntur,

140 2859 176 2920 ut
200 2869 359 2916 cavarum
378 2896 388 2935 ,
413 2840 535 2941 quibus
549 2843 775 2935 eontinentur,
794 2846 1004 2939 capacitatem
1019 2844 1116 2917 adae-

141 2979 266 3065 quent.
293 2963 384 3037 Haec
407 2977 518 3035 autem
542 2963 719 3034 animantia
743 2965 769 3032 si
796 2962 838 3033 ad
866 2962 992 3036 collecti
1015 2985 1117 3063 vapo-
1174 2979 1182 2991 '

142 3087 184 3158 ris
207 3084 423 3184 praesentiam
448 3078 709 3154 confirmandam
732 3081 864 3154 fuerunt
888 3107 955 3153 non
980 3081 1113 3179 idonea,

141 3232 259 3302 magno
283 3207 395 3279 tamen
411 3205 559 3276 exstitere
575 3203 772 3277 documento
789 3257 799 3294 ,
819 3200 1000 3276 cerebrum
1015 3258 1025 3291 ,
1042 3231 1114 3275 rne-

142 3325 330 3425 dullamque
365 3323 520 3421 spinalem
550 3381 561 3416 ,
588 3321 714 3395 nihila
747 3337 855 3394 morte
882 3324 1122 3421 magnitudinis,

141 3444 303 3541 perdere.
334 3443 549 3542 Quamquam
579 3443 636 3540 qui
669 3444 702 3513 in
734 3440 867 3514 homine
902 3444 1115 3541 turgidiorem

142 3565 176 3636 ia
199 3565 266 3635 vita
291 3559 469 3634 medullam
493 3561 711 3656 suspicantur,
728 3575 760 3632 et
776 3563 836 3633 teti
855 3560 1023 3658 implendo
1042 3590 1114 3663 spa-

143 3685 185 3756 tio
210 3682 445 3776 circumposito
470 3705 610 3776 parem,
638 3677 779 3750 debeant
796 3678 896 3751 etiam
909 3680 1113 3754 animadver-

143 3814 208 3872 tere
231 3824 274 3871 ne
298 3798 437 3896 origines
461 3822 640 3872 nervorum
665 3796 843 3872 amedulla
869 3799 937 3896 ipsa
962 3823 1114 3872 enascen-

142 3922 233 4022 tium,
259 3945 346 4021 quae
369 3945 428 4016 per
453 3919 592 4019 spatium
616 3915 698 3992 illud
722 3915 894 4016 explicatae
917 3919 952 3990 in
977 3917 1114 3993 cadave-
