2544 4710
486 407 504 514 l
531 413 601 514 ’δι
628 407 647 513 l

76 559 281 662 ridebatur,
308 570 382 663 ita,
410 569 639 663 abstersione,
660 573 738 667 ejus
763 569 977 644 membranae
1003 566 1050 643 la·

67 684 134 759 ete
154 686 349 761 secedebant
370 739 380 762 .
421 687 579 762 Postulae
596 689 755 790 undique
779 688 918 765 nullae.
946 690 1040 762 Peri·

67 805 221 880 caedium
247 807 416 909 turgidum
444 833 564 908 vapore
588 806 741 883 subllaro
771 862 782 900 ,
818 808 935 883 eadem
958 824 1048 883 veste

65 918 273 1022 lymphatica
310 928 398 999 tenui
425 923 441 1026 (
465 952 521 999 xm
546 923 562 1026 )
590 925 800 1025 operiebatur
821 976 831 999 .
857 924 971 1025 Caput
1000 925 1049 1007 la-

66 1037 126 1115 bia'
150 1042 291 1119 ostendit
314 1048 494 1121 introrsum
512 1045 692 1144 pustulosa,
712 1045 834 1121 bucees
860 1072 926 1120 non
944 1049 1048 1120 item.
1136 1140 1139 1147 Ι

65 1158 191 1235 Dentes
214 1163 400 1240 firmissime
421 1192 460 1241 os
485 1163 684 1241 claudebant
711 1222 722 1259 ,
750 1182 790 1242 ut
813 1168 891 1241 sutis
920 1166 1048 1243 videre-

65 1294 122 1357 tur
145 1283 292 1359 maxillas
313 1284 564 1361 convulsionem
589 1285 758 1386 peattdisse
786 1341 796 1362 .
823 1285 958 1380 Quibus
1000 1287 1053 1360 di-

65 1402 197 1496 ductis,
224 1402 368 1503 lingere,
393 1405 567 1507 prelatum,
594 1408 726 1502 fauces,
754 1435 848 1483 nares
872 1410 967 1501 itern,
994 1434 1054 1485 oe·

63 1524 241 1623 soplragus,
268 1524 374 1601 libera
397 1526 601 1626 pustularum
626 1555 833 1627 apparuere.
861 1528 1054 1604 Cerebrurn

64 1648 228 1744 sauguinis
251 1648 375 1748 eopia,
400 1653 486 1723 rasis
511 1648 657 1750 undique
682 1646 902 1747 turgentibus,
931 1648 1055 1727 redeu-

65 1761 197 1837 debat.

179 1881 319 1959 XLIX.
346 1879 388 1961 In
409 1914 477 1988 qua
497 1884 644 1961 hominis
668 1884 772 1961 adulti
796 1886 948 1963 usriolnsi
973 1889 1048 1986 pul·

65 2004 180 2079 monio
202 2006 341 2081 conlecti
365 2007 561 2082 dissectione
584 2009 645 2082 etsi
670 2006 819 2082 traditae
841 2006 1052 2108 pustularum

62 2151 169 2200 vacua
192 2127 372 2224 apparuit,
409 2141 483 2203 erat
507 2141 619 2202 tamen
645 2127 877 2222 inflammata,
920 2143 958 2203 ut
980 2154 1055 2202 rm·

61 2246 210 2321 nitentis
231 2246 417 2321 ostenderet
440 2273 475 2320 se
487 2245 723 2321 variolosarum
739 2246 945 2346 pustularum
971 2247 1057 2321 alias

62 2390 250 2472 caponem,
276 2367 571 2442 irrssammationem
597 2365 659 2443 alia
683 2390 727 2441 ex
767 2393 913 2461 numm,
948 2390 1056 2470 quem

61 2508 149 2585 quae
172 2482 334 2565 variulosa
357 2497 471 2578 esset,
513 2483 578 2559 lios
613 2485 648 2558 in
673 2481 810 2558 bomine
847 2484 1052 2576 incurrisse3

62 2603 162 2701 jetur·
175 2615 319 2697 nutem,
345 2615 379 2674 et
402 2601 468 2676 lien
492 2603 671 2675 enormiter
694 2600 835 2675 distenta
863 2656 874 2694 ,
904 2616 944 2675 nt
981 2607 1054 2679 vim

63 2717 332 2794 inflammationis
356 2717 538 2819 plurimum
560 2720 714 2799 measse,
739 2717 963 2813 viderentur,
996 2748 1054 2797 re·

61 2838 246 2915 &ulmum
262 2828 447 2941 quidquem
471 2864 539 2911 non
560 2834 775 2911 ostenderunt
799 2890 807 2910 .
837 2837 975 2938 Exque
1001 2841 1052 2913 sa·

60 2957 126 3035 cilo
147 2973 309 3059 apparet,
336 2960 365 3033 si
388 2956 515 3056 eualogi
540 2981 643 3056 prope
666 2955 823 3054 exempli,
842 2971 901 3030 aut
925 2960 1040 3052 etiam,

60 3078 152 3153 vitiis
177 3080 340 3157 viscerm
364 3078 628 3170 mordentibus,
657 3077 790 3174 majoris
817 3130 829 3170 ,
857 3076 964 3152 velera
989 3079 1053 3155 de·

62 3192 125 3271 bet
140 3198 353 3292 eumentes,
379 3195 550 3299 quodumn
574 3196 731 3269 mininrae
753 3191 827 3267 illae
851 3246 862 3287 ,
887 3208 922 3269 et
963 3223 1050 3293 pau-

62 3341 125 3393 ιιιιιι
143 3314 336 3416 hydatidm,
353 3316 387 3389 iu
411 3316 475 3401 viri
498 3316 620 3413 jecore,
639 3324 674 3385 et
695 3307 782 3383 liene
806 3309 892 3384 visua
913 3368 923 3409 ,
942 3315 1049 3387 niuni-

61 3435 131 3515 bus
154 3434 332 3511 variolosus
357 3445 490 3507 naturae
512 3429 761 3510 characteribus·
778 3431 977 3525 destitutae,
1005 3428 1051 3505 ab

60 3556 336 3637 bominis'aetate
358 3550 526 3648 adultiori,
551 3581 622 3656 quo
646 3579 680 3639 se
704 3565 886 3641 assererent
908 3549 1062 3635 auriolo-,3

62 3704 118 3753 ses
140 3675 321 3779 promereri
346 3675 512 3775 potuerint
533 3675 785 3774 patrocinium.
814 3672 850 3747 si
876 3687 986 3759 tamen
1011 3670 1050 3745 il·

61 3791 106 3873 lis
130 3792 265 3885 materia
289 3790 396 3867 deruit
427 3803 462 3862 et
479 3789 578 3888 ‚origo
601 3788 790 3881 variolosa,
831 3788 935 3865 forum
952 3800 1049 3860 eene

62 3939 133 3997 mu
158 3912 290 4004 defuit,
319 3927 357 3991 ut
380 3921 554 4012 appmeret
579 3911 699 3991 nistera
725 3910 942 4010 interiornque
977 3903 1049 3988 lucu

666 4035 684 4083 r
