2544 4710
560 404 719 512 (²⁶8)

158 573 213 636 tur
237 575 435 657 tuerentur,
464 564 611 640 nonnihil
636 565 790 641 detulisse
814 569 903 642 nisus
917 568 1015 644 berit
1040 570 1134 644 Rur-

156 705 211 756 rus
235 680 334 786 (t),
360 684 488 759 veritati
505 696 613 758 temen
643 711 679 758 se
702 687 805 784 ipsam
840 685 993 788 efferenti
1025 688 1130 763 bono·

154 811 228 876 rem
263 804 426 900 integrum
465 801 631 898 contulit,
657 803 823 878 cumillis
859 805 1016 881 omuibus
1053 807 1137 881 locis

154 947 175 994 a
209 921 345 1021 pustulis
368 924 609 1022 praeservandis
640 927 722 998 >satis
761 925 861 998 ctiam
891 949 960 998 esse
997 948 1130 1025 praeee-

153 1044 232 1143 pit,
260 1047 286 1118 si
310 1044 516 1120 ablueretur
533 1044 783 1148 feriereque
810 1042 986 1150 frigida,
1014 1046 1134 1120 multis

153 1166 283 1242 vicibus
323 1171 360 1240 in
383 1168 470 1261 die,
492 1181 534 1240 et
557 1168 681 1242 eadem
719 1171 828 1242 etiam
852 1167 948 1242 oculi
980 1168 1132 1268 adsper-

150 1301 349 1386 gerentur.
376 1285 473 1378 Quae
496 1298 679 1360 constanter
717 1287 806 1360 enirn
829 1286 972 1360 humore
1012 1288 1126 1362 made·

152 1418 276 1501 scunt,
307 1432 360 1480 eas
387 1421 495 1506 partes
518 1433 585 1480 uon
610 1406 695 1506 capit
719 1432 883 1483 venenum
900 1405 1127 1482 variolsrum.

153 1523 222 1600 sed
253 1537 363 1602 tamen
394 1527 504 1599 mirari
545 1527 676 1600 interim
700 1524 790 1598 subit
815 1524 954 1599 voluisse
993 1520 1131 1598 Veteres

154 1643 301 1739 faciem,
334 1672 376 1719 ne
400 1643 603 1739 variolaret,
629 1641 749 1719 balneo
785 1641 1027 1734 detinendam,
1062 1667 1130 1716 ma·

153 1789 245 1857 uus,
285 1783 319 1838 et
340 1764 471 1865 pedes,
499 1779 537 1837 ut
561 1765 665 1865 magis
702 1761 925 1855 variolarene,
968 1785 1121 1837 exercen-

156 1881 200 1954 da
228 1879 328 1956 etiam
360 1880 479 1955 balneo
496 1881 513 1982 (
530 1908 573 1956 nv
591 1881 638 1985 ).
677 1882 850 1958 Nimirum
886 1880 965 1954 alibi
999 1881 1126 1981 experi-

153 2015 295 2098 menta,
333 2017 366 2075 et
398 2001 591 2099 Naturam,
619 2002 698 2079 athi
721 1999 869 2079 scholam
910 2001 1126 2076 inconsidera-

39 2144 42 2149 ·
151 2133 369 2200 tesecutos.
433 2187 436 2194 .
501 2133 503 2137 ’

173 2328 175 2333 .
248 2241 346 2332 LIV.
374 2241 483 2342 Atque
507 2242 714 2318 haecomnia
737 2268 777 2317 eo
793 2266 867 2315 sum
893 2238 1030 2316 consilio
1047 2264 1144 2347 per-⁴

150 2376 311 2456 secutus,
337 2376 376 2437 ut
398 2367 508 2464 primo
533 2376 696 2438 constaret
718 2360 772 2437 lex
797 2362 942 2438 Naturae
967 2360 1127 2436 variolnn·

87 2496 92 2505 ²
150 2480 204 2575 tis,
223 2505 306 2581 quae
329 2482 537 2581 capacitatem
562 2480 683 2580 figendi
698 2480 921 2580 retinendique
945 2505 1123 2572 venenum,

154 2602 202 2675 sic
225 2613 264 2674 ut
287 2627 365 2676 cum
385 2604 544 2701 'sangiune
567 2601 691 2674 desinat
714 2601 887 2675 circumire
902 2653 914 2691 ,
928 2597 1010 2673 locis
1034 2602 1127 2703 unice

151 2720 299 2797 attribuit
321 2723 448 2821 egregie
472 2723 593 2797 siccis:
630 2720 747 2795 deinde
771 2733 808 2795 ut
831 2733 1035 2819 appareret,
1070 2745 1123 2792 ve·

149 2865 273 2914 uenum
297 2840 493 2915 variolosurn
517 2841 610 2920 sein
635 2851 713 2914 cute
738 2839 964 2937 depositurum
1001 2837 1122 2912 nulium

148 2988 242 3062 posse
264 2960 395 3036 obicem
412 2964 572 3059 majorem
596 2957 962 3059 expediri-humiditate
978 2962 1055 3057 ejus
1067 2986 1121 3034 cu-

149 3084 219 3178 tis,
254 3108 354 3182 quam
378 3095 428 3154 est
449 3083 679 3155 insessurum.
708 3078 868 3179 Adeoque
903 3077 942 3149 fit
966 3079 1123 3179 praeclare

147 3200 392 3295 manifestum,
418 3213 541 3302 quanto
564 3199 598 3272 in
623 3222 748 3292 errore,
765 3208 799 3270 et
821 3223 921 3297 quam
946 3198 1120 3298 pernicioso

147 3323 257 3422 generi
280 3320 427 3396 humano
451 3333 619 3395 versentur
643 3319 681 3414 ii,
694 3319 761 3420 qui·
777 3315 950 3392 variolosis
975 3319 1119 3409 creduut,

147 3454 187 3514 ut
210 3441 485 3542 eruptio'facilior
511 3438 658 3534 evadat,
685 3440 963 3540 promptiorque,
1002 3437 1119 3514 condu-

143 3586 221 3637 cere
245 3572 355 3636 cutem
378 3562 490 3663 primis
507 3560 569 3634 ittis
586 3561 761 3658 ingruentis
787 3557 897 3633 morbi
922 3557 1047 3634 diebus
1060 3555 1120 3630 bai·

153 3706 217 3756 neo
240 3679 392 3776 mollire,
420 3694 453 3754 et
475 3679 698 3756 hurnetacere.
727 3679 837 3774 Quod,
856 3705 936 3755 cum
960 3680 1119 3755 instituunt

139 3937 185 4028 (s)
201 3937 259 4044 ‘De
286 3932 417 4008 variulis
437 3927 523 4031 cap-2
537 3961 595 4008 vu.
622 3923 696 4032 pag.
727 3952 782 4005 12.'
806 3935 971 4007 Editiuuis
994 3895 1109 4006 narni.
