2544 4710
471 396 478 414 ⁰
561 376 578 482 (
608 405 671 455 ιιι
703 371 719 473 )

164 551 298 634 tracta,
327 535 416 641 qnod
441 537 480 611 fit
504 566 582 613 cum
607 536 794 633 irleeratur,
821 535 903 614 adeo
928 541 1079 640 opprimi,
1096 552 1137 621 ut

157 666 193 737 iu
207 664 294 760 ipsas
307 687 405 750 venas
428 660 594 734 remearit.
610 658 697 733 Sunt
709 660 798 733 enim
822 658 904 734 haec
934 662 1044 735 omnia
1058 687 1135 761 par·
1237 711 1239 714 -

114 849 122 864 ,
153 782 226 854 -tim
247 777 434 855 rationibus
456 779 605 870 adversa,
623 777 742 876 partim
766 776 867 850 etiam
891 779 1132 878 experimentis.

155 895 338 998 Siquidem
360 897 469 992 cutis,
497 909 572 998 utut
595 895 705 970 ulcere
729 907 918 991 matracta,
953 895 1074 971 lentam
1099 878 1136 970 'ai

159 1041 317 1116 memque
338 1013 523 1114 subjectam
552 1015 723 1088 materiam
748 1015 861 1113 nequit
891 1014 1026 1088 omnino
1047 1016 1134 1092 adeo

156 1162 291 1236 urgere,
318 1149 356 1210 ut
380 1133 451 1210 sola
476 1136 681 1235 appressione
706 1137 776 1234 ejus
794 1136 975 1232 ingressum
1000 1134 1135 1234 adjuvet

154 1261 194 1332 in
214 1259 415 1357 'smguiferas
439 1283 553 1334 renas.
581 1257 670 1332 Nam
693 1258 721 1328 si
744 1282 829 1355 quae
844 1252 1022 1329 vehemens
1044 1278 1134 1356 pres-

154 1382 209 1454 sio
233 1393 294 1473 est,
310 1394 420 1480 ‘quam
442 1379 556 1453 ‘frictio
586 1389 741 1476 praestat,
768 1377 824 1450 vix
841 1374 919 1450 huic
942 1403 1002 1474 par
1027 1377 1134 1452 officio
1175 1466 1179 1474 .

155 1510 265 1598 potest
288 1523 378 1591 esse,
406 1524 456 1569 an
473 1494 626 1576 credibile
642 1495 679 1566 fit
703 1507 813 1568 cutem
839 1493 1015 1569 ulceratam
1038 1520 1134 1594 posse

153 1615 226 1691 vim
252 1629 375 1688 tantam
400 1615 571 1713 pressionis
595 1615 774 1714 acquirere,
793 1626 831 1685 ut
856 1612 1015 1712 diffugere
1039 1627 1134 1713 cogat
1177 1614 1180 1618 ’

155 1735 321 1836 subjectos
345 1736 540 1824 humores?
565 1733 633 1807 Sed
657 1734 861 1808 attendamus
886 1737 1130 1832 experimenta.

114 1853 216 1941 *Est
241 1853 353 1926 morbi
379 1880 479 1952 genus
502 1879 639 1928 venerea
656 1865 770 1926 natum
795 1853 849 1925 lue
873 1852 1016 1926 insidens
1041 1857 1129 1948 ossi,

154 1981 294 2077 gummi
315 1973 571 2074 vulgovocant.
590 1973 717 2046 Hectit
740 1972 785 2044 ab
809 1974 876 2046 acri
900 2000 1040 2048 venereo
1056 1976 1132 2048 viru

127 2190 131 2198 Ι
153 2095 347 2194 pen'ostium
362 2094 544 2188 insidente,
562 2094 656 2190 cujus
678 2117 776 2188 opera
804 2090 1027 2163 inflammatur
1049 2091 1131 2167 haec
1187 2104 1193 2120 '

152 2213 374 2310 membrana,
392 2229 451 2311 et,
470 2211 739 2290 convenientibus
762 2210 895 2286 stimulo
918 2212 1129 2310 humoribus,

152 2336 362 2431 intumescit:
389 2333 425 2406 l1i
450 2349 561 2408 autem
585 2331 741 2406 humores
765 2333 879 2406 veneni
895 2334 928 2407 vi
953 2335 1071 2407 sensim
1096 2336 1131 2406 in

154 2466 313 2526 naturam
328 2451 420 2525 lanlo
436 2453 577 2526 similem
590 2465 768 2546 transeunt,
796 2466 829 2524 et
852 2455 1031 2527 maximam
1054 2481 1132 2552 par·

155 2585 225 2645 tem
249 2573 335 2645 inter
358 2574 548 2672 periostium
564 2629 575 2666 ,
593 2587 690 2672 atque
715 2599 751 2646 os
776 2571 973 2646 adunantur.
1001 2572 1132 2648 Eorum

156 2703 279 2764 attactu
303 2691 381 2764 ossis
406 2691 586 2785 substantia
611 2694 730 2765 sensim
755 2691 996 2788 corrumpitur,
1023 2692 1130 2788 perio-

156 2812 257 2884 stium
273 2811 394 2910 ipsum,
413 2836 509 2910 saepe
533 2837 646 2883 carnes
670 2809 843 2909 adjectae.
872 2804 1040 2907 Optabile
1055 2824 1128 2904 est,

155 2930 248 3032 qnod
272 2954 384 3029 reapse
408 2931 527 3004 accidit
551 2932 776 3031 frequentius,
803 2943 868 3023 ut,
895 2928 1027 3029 quando
1059 2930 1130 3003 fieri

155 3050 285 3146 gummi
310 3046 465 3143 debeant,
480 3049 518 3120 iis
542 3049 575 3120 in
600 3048 727 3122 ossibus
752 3049 845 3141 fiant,
875 3073 960 3149 quae
984 3053 1052 3123 cuti
1066 3051 1131 3125 im·

154 3168 296 3242 mediate
312 3168 558 3268 subjiciuntur.
587 3169 677 3244 Nam
700 3169 972 3245 subnascentibus
995 3171 1023 3243 si
1046 3172 1129 3246 vesi-

155 3289 316 3391 catorium
341 3291 549 3387 imponatur,
576 3294 737 3365 constanti
760 3292 956 3392 experientia
980 3290 1063 3364 mihi
1086 3291 1130 3364 ad

154 3406 245 3482 hunc
258 3405 347 3479 diem
372 3411 491 3501 centies
515 3409 652 3503 iterata,
680 3435 747 3482 non
771 3409 1032 3508 comprimuntur
1055 3436 1129 3484 mo-

154 3527 229 3616 do,
256 3538 296 3633 pt
319 3525 485 3611 inhibetur
511 3528 597 3602 illico
636 3555 752 3604 eorum
776 3530 1044 3620 incrementum3
1071 3531 1130 3605 sed

155 3647 252 3724 dolor
266 3661 360 3724 antea
376 3653 482 3749 gravis
497 3655 708 3755 conquiescit,
728 3668 903 3757 tumorque
923 3657 990 3756 ipse
1008 3659 1130 3734 sensim
1200 3746 1204 3751 ¹

156 3767 296 3863 residit,
322 3785 418 3867 prout
451 3768 559 3852 uleus.
578 3773 742 3848 manando
777 3776 976 3849 veterascit.
1004 3774 1125 3849 Ulcere

153 3902 267 3999 autem
291 3887 336 3961 ad
357 3887 458 3966 finem
481 3893 667 3993 perducto,
692 3896 815 3998 integra
837 3909 937 3972 restat
960 3924 1035 3997 pars
1065 3926 1127 3975 nec
