2544 4710
570 317 610 476 ’(
641 375 757 492 140>

183 539 277 637 ginoe
314 547 492 630 constant,
519 536 644 643 copia,
681 547 715 608 et
738 531 973 628 crassitudine;
1020 565 1061 615 ex
1086 568 1157 643 quo

183 661 378 758 vaginarum
400 655 543 731 soliditas
566 656 711 744 fortassis
735 669 902 756 augetur.
940 657 1057 761 Itaque
1072 656 1159 752 pred·

186 779 272 854 ditae
294 778 493 854 robustiores
516 779 627 854 minus
659 791 753 878 aptae
777 792 898 853 restant
921 779 963 853 ad
1001 778 1161 880 recipisti*

185 900 264 977 dam
287 898 495 990 ischiedem3
530 901 612 974 utut
631 898 776 974 maxime
800 899 842 972 sit
880 924 1016 975 nervosa
1040 881 1160 975 ischias

144 1016 149 1028 ’
185 1011 428 1098 adrecidivam
450 1017 636 1119 proclivis.
663 1019 744 1118 Ego
768 1044 848 1095 vero
872 1016 1021 1094 nondum
1044 1017 1154 1096 adhuc

183 1139 273 1230 vidi,
292 1137 463 1216 vesicantis
487 1137 702 1245 applicatione
726 1151 856 1217 curatos
880 1136 973 1214 facile
995 1137 1030 1211 in
1043 1136 1161 1211 isch'nq

108 1291 113 1298 ·
180 1259 265 1335 dem
289 1257 467 1332 recidisse.
497 1256 574 1330 Vidi
601 1270 744 1335 attamen
761 1281 865 1356 nuper
877 1254 1027 1333 Medicos
1047 1281 1161 1356 ‚quo

130 1389 132 1393 '
184 1382 244 1453 ties
264 1379 432 1454 ischiadici
454 1377 577 1480 doloris
599 1377 651 1453 vel
676 1376 907 1476 magnitudo,
933 1375 984 1450 vel
1008 1378 1158 1475 pertina-

185 1497 237 1572 cia
259 1511 419 1596 urgeret‚
444 1525 513 1572 uno
537 1510 685 1596 tempore
709 1496 779 1571 duo
801 1496 974 1573 vesicantia
987 1496 1077 1575 cruri
1103 1523 1160 1594 ap-

185 1620 358 1717 posuisse,
383 1616 521 1691 alterum
546 1617 588 1692 aa
612 1617 735 1691 enulae
759 1631 884 1717 cape,
912 1598 1157 1714 smmpto..

147 1809 148 1812 ,
185 1738 220 1812 1ο
244 1765 341 1838 supra
364 1739 561 1815 exteriorem
584 1737 800 1816 malleolumt
828 1764 933 1838 eoque
952 1735 1091 1813 consilio
1103 1763 1157 1811 cea

144 1927 151 1938 .
184 1856 335 1934 tenorem
359 1863 477 1953 nervi,
514 1859 791 1960 copiosioremque
814 1856 859 1936 ah
893 1855 1019 1931 inctusa
1052 1869 1154 1931 mate
1191 1884 1202 1962 s

183 1979 250 2070 ria,
276 2006 344 2081 qua
359 1961 570 2088 premebatur
588 2029 599 2074 ‚
618 1977 835 2078 depletionem
847 1976 1046 2074 speravisse.
1064 1975 1160 2067 Quos

185 2120 261 2168 rum
287 2121 352 2194 ego·
372 2099 556 2174 institutum
580 2095 786 2197 ,experientia
818 2095 953 2167 edoctus
992 2106 1087 2167 caute
1111 2119 1162 2167 se«

113 2250 115 2255 ·
186 2213 357 2324 quendum
380 2216 560 2301 existimo.
588 2214 677 2292 Nam
701 2215 770 2288 sive
793 2214 869 2313 quia
887 2210 1059 2294 ischiadici
1084 2235 1159 2284 ner-⁴

186 2332 219 2401 vi
243 2356 318 2428 pars
344 2333 497 2432 proxime
523 2331 756 2408 transcendens
780 2345 879 2428 caput
915 2329 1037 2406 fibulae
1056 2330 1078 2425 ,'
1094 2356 1159 2432 qua

186 2453 253 2526 cuti
277 2451 449 2551 suhjacet,
477 2453 572 2525 fascia
597 2450 798 2529 subcutanea
813 2451 1025 2548 ligamentosa
1057 2451 1161 2524 semo

186 2570 258 2661 ris,
286 2585 319 2646 et
355 2559 454 2649 tibiae
478 2583 525 2643 est
562 2568 720 2664 obtecta,
748 2595 853 2670 eoque
877 2571 1046 2651 vesicantis
1084 2569 1152 2644 vim

107 2678 111 2682 ”
187 2691 355 2765 refractius
379 2694 521 2782 sentiat3
548 2691 616 2770 sive
640 2693 716 2792 quie
739 2689 831 2767 locus
854 2689 908 2767 ilie
943 2690 1036 2765 nervi
1061 2687 1163 2764 subii«

168 2819 275 2890 ,mior
300 2814 530 2911 exasperationi
547 2860 565 2907 ,·
583 2811 820 2914 copiosiorique
844 2810 984 2906 aflluxui
1014 2823 1063 2882 est
1095 2811 1169 2882 nni-s

94 2974 96 2977 ·
139 3003 142 3008 ,
168 2927 259 3010 ,nus
279 2934 445 3032 expositus
464 2959 475 3022 ;
502 2944 628 3010 certum
652 2944 700 3009 est
718 2985 732 3025 ‚,
755 2930 938 3028 appositum
955 2922 1103 3008 vesicans
1117 2928 1159 3010 ad

137 3059 141 3066 '
172 3052 315 3130 'fibulae
336 3061 461 3152 caput3
488 3066 521 3127 et
545 3054 614 3128 sine
648 3060 769 3157 magno
793 3047 906 3131 dolore
940 3048 1102 3144 tolerari,
1131 3064 1164 3134 et

190 3172 306 3266 nullo,
332 3173 424 3279 qnod
447 3173 548 3254 sciam
566 3228 576 3267 ,
595 3171 791 3252 detrimento
802 3172 981 3271 consequi.
1010 3174 1056 3243 At
1073 3171 1163 3279 quod

185 3321 288 3390 supra
313 3294 504 3373 exteriorem
530 3291 717 3385 malleolum
740 3305 827 3366 recta
851 3319 909 3390 per
933 3296 1073 3365 exterius
1088 3320 1165 3366 crux

190 3414 235 3490 ris
267 3413 349 3490 latus
386 3413 588 3492 ascendendo
625 3437 682 3509 per
718 3423 885 3520 quatuor,
919 3425 974 3489 aut
1016 3413 1161 3520 quinque

195 3543 394 3608 transversos
424 3531 547 3628 ,digitos
579 3531 723 3604 vesicans
757 3530 854 3614 simul
889 3530 1089 3632 apponitur,
1131 3531 1167 3612 id

195 3655 332 3730 omnino
353 3667 385 3725 et
411 3651 673 3732 dolentissimum
709 3653 775 3748 fit,
802 3677 903 3754 supra
929 3679 1040 3754 quam
1078 3651 1164 3732 credi

93 3827 96 3835 ,
193 3775 292 3871 possit
315 3830 325 3865 ,
352 3787 385 3844 ct
413 3800 507 3870 saepe
531 3775 569 3846 iis
594 3787 641 3848 cst
666 3773 814 3872 periculis
838 3774 1055 3867 obnoxium,
1083 3799 1166 3874 quae

16 3954 19 3960 .
102 3995 105 4000 ι
195 3917 262 3971 uon
287 3891 402 3971 fuisset
423 3893 515 3970 facile
541 3891 712 3974 divinare.
739 3895 800 3974 Est
816 3920 897 3971 vero
908 3892 1049 3990 doloris,
1068 3919 1170 3995 quem
