2544 4710
574 398 707 510 (82)

147 558 230 634 tiam
255 561 419 634 extinxit:
448 564 592 635 maxime
615 563 736 665 quibus
756 565 908 636 consueti
926 543 1128 635 llu'xnsh'ae·¹

148 679 410 774 mo'rrhoidam,
437 681 564 758 ulerive
588 686 748 782 suppressi
773 685 916 757 fecerant
932 681 1126 757 ischiadem'.

151 800 260 896 Cujus
280 801 327 872 rei
365 801 538 878 utilitatem
563 802 655 876 facile
692 802 868 902 explicabit
899 805 1046 904 quisquis
1080 817 1129 875 ata

108 970 111 978 J
148 919 290 1012 tendat,
319 922 472 994 missione
496 925 661 1020 sanguinis
685 926 817 1022 copiam
832 923 1028 1015 humorum,
1045 944 1129 996 una*

149 1059 214 1138 que
238 1042 323 1113 vitae
348 1044 460 1134 vires,
487 1042 697 1144 caloremque
723 1046 942 1117 animantium
959 1045 1127 1136 imminui,

148 1158 310 1258 quae'vel
334 1161 458 1234 faciunt
481 1148 689 1257 ischiadem,
717 1163 769 1239 ¹vel
794 1163 937 1237 reddunt
974 1162 1147 1236 acerbio-¹

136 1293 219 1351 ¹rem
245 1277 434 1380 (xxm).
464 1283 573 1355 Locus
598 1297 742 1355 attamen
767 1282 972 1355 definiendus
1002 1266 1052 1353 est
1068 1303 1131 1354 nn-

146 1397 189 1471 de
214 1400 344 1496 sanguis
368 1401 459 1472 mitti·
479 1399 626 1473 debeat:
654 1424 762 1502 neque
787 1402 875 1473 enim
900 1398 964 1473 hoc
998 1400 1035 1474 in
1060 1401 1124 1472 sta}

146 1517 201 1591 dio
226 1517 316 1592 loom
339 1518 429 1593 idem
461 1546 592 1618 semper
612 1531 733 1620 aeque
767 1518 894 1616 profuit
926 1566 934 1590 .
972 1517 1079 1616 Igitur
1104 1518 1130 1589 si

110 1652 334 1736 -suppressae
359 1639 627 1714 haemorrhoides
653 1665 821 1732 nocuere,
850 1638 1060 1712 hirudinibus
1077 1638 1131 1713 ani

138 1776 286 1832 coronae
325 1760 512 1858 applicitis,
538 1787 623 1860 quae
647 1760 843 1856 sanguinem
879 1754 957 1829 inde
995 1768 1133 1854 essupe·

140 1891 274 1948 rentem
312 1879 478 1971 educant,
508 1878 647 1950 morbus
684 1878 840 1952 levatur:
868 1878 978 1950 minus
1014 1876 1130 1948 utilem

39 2046 41 2050 .
145 1997 276 2069 aliunde
300 1992 368 2072 vidi
392 1999 556 2095 sanguinis
580 1999 801 2073 missionem.
830 1995 911 2067 Vidi
947 1994 1050 2066 semel
1075 1992 1131 2064 tali

146 2141 187 2189 ex
213 2145 326 2190 caussa
349 2118 554 2210 ischiadico,
584 2119 665 2189 uatis
691 2117 860 2215 repentino
894 2115 986 2212 vagis
1010 2114 1054 2184 ia¹
1072 2111 1132 2185 alu
1171 2127 1173 2130 ’

149 2237 283 2310 domine
319 2236 519 2332 doloribus,
548 2251 726 2336 spontaneo
759 2246 894 2308 naturae
932 2232 1130 2328 molimine,

146 2371 222 2455 post
246 2358 337 2431 diem
361 2385 495 2451 uuum,
523 2374 555 2430 et
579 2358 720 2431 alterum
743 2370 870 2456 apertas
904 2350 1134 2429 haemorihoi-

147 2477 233 2550 des:
262 2498 404 2578 quarum
428 2477 530 2550 fluxu>
561 2492 626 2553 tres
649 2505 709 2576 per
739 2477 815 2548 dies
848 2470 1079 2571 procedente,
1106 2476 1133 2547 i·

149 2595 333 2670 schiadicus
359 2597 454 2671 dolor
478 2599 602 2696 integre
628 2584 789 2672 evanuit.
816 2594 943 2694 Magna
966 2595 1059 2671 euim
1083 2598 1131 2670 in·

146 2715 284 2789 tercedit
307 2716 393 2788 inter
417 2716 509 2789 sedes
524 2716 840 2790 haemorrhoidarias
859 2773 868 2809 ,
889 2729 1040 2789 et‘crura
1055 2742 1132 2791 con*

148 2839 251 2909 sentio
271 2849 344 2908 z'et
379 2836 450 2911 vidi
480 2862 578 2936 saepe
615 2836 940 2928 haemorrhoidum,
974 2838 1130 2936 pterive,

146 2955 340 3027 imminente
366 2953 487 3047 fluxu,
508 2954 700 3029 ischiadicos
715 2981 835 3028 nervos
847 2952 1036 3044 indoluisse3
1057 2962 1133 3028 saxad

146 3083 201 3161 eto
227 3071 353 3165 fluxu,
381 3075 553 3146 evanuisse
579 3071 708 3145 dolores
728 3127 737 3143 .
758 3073 812 3144 -Ar
836 3075 959 3172 quihus
991 3074 1131 3148 excretio

146 3193 312 3288 sanguinis
334 3193 462 3264 uterina
486 3192 640 3265 deficiens
660 3193 740 3277 <fecit
764 3193 974 3289 ischiadem,
1002 3193 1135 3294 optabi.

31 3379 32 3384 ,
146 3309 186 3384 lis
211 3321 259 3382 est
284 3313 437 3385 evocatio
461 3308 628 3408 sanguinis
650 3311 695 3384 ab
733 3327 857 3386 utero:
885 3337 988 3416 quam
1014 3333 1131 3413 nuper

146 3433 182 3502 ia
207 3431 345 3506 muliere
368 3456 454 3531 pene
476 3427 737 3533 quadragenaria
757 3450 903 3534 quatuor
937 3432 1131 3510 cucurbitu-

40 3643 43 3654 .
148 3549 188 3626 lis
212 3548 308 3629 siccis'
329 3557 467 3652 repetito
485 3553 650 3655 ‘applicitis
676 3555 789 3628 femini
814 3559 975 3657 utrique,
995 3570 1130 3658 'etpro‘a

96 3680 100 3687 '
147 3676 256 3748 rimae
279 3674 349 3758 sedi
376 3676 510 3748 femoris
535 3677 718 3768 anteriori,
745 3674 929 3750 felicissime
943 3675 945 3679 ’
960 3678 1127 3751 evocavi.

149 3796 223 3870 Hoc
247 3804 356 3869 autem
379 3799 522 3896 praestiti
547 3796 742 3870 imminente
765 3780 835 3895 jam
870 3812 1027 3870 consueto
1053 3810 1131 3871 eva-

149 3918 311 3995 cuationis
336 3933 490 4022 tempore
507 3926 525 3994 .’
545 3919 583 3993 Si
620 3921 731 3996 ruinas
753 3920 852 3995 haec*
873 3919 1080 4017 succedant,
1107 3947 1127 3992 a
