2544 4710
561 396 692 504 (75)

141 584 199 633 cos
223 584 319 659 saepe
344 560 534 651 munros,
552 559 602 632 uti
614 572 756 633 caeteras
769 558 805 630 in
815 556 984 633 machinae
1008 563 1115 652 partes

140 677 251 753 minus
269 675 417 771 calidas,
442 679 618 779 minusque
643 689 852 771 commotas,
879 673 961 749 solet
983 672 1112 769 defigi.
1248 736 1254 749 .

238 792 398 870 XXXV.
425 793 478 871 Sit
501 821 626 871 nornen
659 821 738 893 argo
773 794 985 869 confirmatae
1015 791 1118 890 posti

145 940 203 989 cae
226 912 379 991 iscbiadis
404 941 559 990 nervosae
584 915 732 1018 hydropi
757 914 872 990 datum
905 913 1040 1003 trunci,
1067 923 1119 984 st·

143 1063 209 1136 que
232 1039 452 1135 propaginum
477 1036 644 1111 ischiadici
660 1037 779 1124 nervi3
804 1061 905 1136 quem
929 1031 1119 1132 hydropem

140 1156 268 1255 patiens
292 1154 352 1231 diu
374 1158 401 1231 si
425 1155 592 1255 negligat,
620 1180 681 1228 nae
703 1152 975 1253 iste'pedetentim
990 1150 1025 1223 in
1040 1173 1121 1221 cru·
1189 1204 1192 1212 .

139 1277 184 1351 ris
221 1278 364 1357 maura
401 1275 688 1377 semiparalysim.
739 1273 857 1375 Neque
892 1273 983 1345 enim
1014 1279 1121 1367 potest

99 1465 102 1471 .
141 1392 341 1467 ischiadicus
365 1422 487 1473 nervus
524 1394 772 1492 circumaggesti
807 1393 936 1490 vaporis
973 1380 1136 1487 pondere¹

141 1514 200 1588 diu
224 1517 389 1614 gravari,
416 1519 496 1616 quin
521 1519 592 1617 ejus
616 1515 781 1588 lilameuta
805 1538 941 1586 nervosa
980 1508 1122 1607 pressio-

142 1661 185 1711 ne
223 1634 280 1717 illa
303 1640 422 1717 seusun
452 1638 613 1715 elidantur
646 1651 718 1730 ,et
753 1631 912 1714 musurlis
948 1632 1121 1729 nervisque

141 1756 298 1856 ubjects
339 1756 479 1831 debilius
510 1759 765 1834 administrent.
807 1755 903 1844 Quae
927 1752 1047 1827 scilicet
1071 1763 1121 1823 est

142 1903 257 1952 mussa
281 1875 368 1951 illius
389 1891 571 1976 postremae
596 1879 747 1951 omnium
768 1873 890 1947 borum
930 1870 1121 1945 ischiadico-

141 2024 223 2072 rum
247 2023 394 2094 scenae,
421 1997 616 2097 atrophiae,
642 2010 677 2069 et
711 1993 951 2094 semiparalysis
981 1995 1038 2090 (vr
1053 1989 1119 2091 ι).

143 2115 247 2202 Illum
271 2130 384 2201 tamen
420 2117 638 2217 hydropem,
666 2128 831 2199 tantarum
864 2138 974 2196 terum
1011 2125 1123 2185 aucto·

143 2262 243 2329 rem,
268 2263 371 2337 quem
397 2235 554 2311 hactenus
579 2231 795 2332 conjectando
819 2232 902 2306 torte
927 2231 1037 2307 videar
1054 2232 1123 2302 evi·

143 2360 256 2451 cisse,
281 2359 318 2431 in
341 2356 517 2441 ischiadico
541 2382 644 2435 nervo
663 2409 674 2448 ,
692 2354 798 2432 donae
812 2353 992 2435 ischiadem
1018 2353 1123 2450 patia-

145 2493 231 2574 tur,
257 2478 397 2568 adesse3
424 2477 594 2576 sperabam
635 2480 861 2576 experimento
901 2457 1124 2574 probaturum

145 2596 311 2685 cadaveris
334 2595 542 2689 sectionem,
568 2621 671 2696 quam
695 2621 736 2669 ex
759 2596 951 2693 necopinato
988 2618 1121 2691 nuper,

148 2715 230 2799 dum
255 2714 336 2796 baec
360 2715 658 2807 mmeriberemus,
684 2713 830 2795 hominis
845 2713 930 2786 barac
944 2711 1123 2786 ischiadem

133 2840 138 2855 “
144 2837 229 2937 passi
255 2835 342 2910 forte
382 2837 515 2919 fortuna
556 2837 690 2933 contigit
718 2836 920 2911 instituere.
951 2833 1018 2906 Sed
1041 2834 1124 2932 quin

145 2958 228 3033 baec
251 2956 400 3031 dissectio
425 2956 509 3031 milri
534 2983 596 3054 pro
619 2982 659 3030 eo
695 2983 743 3029 ae-
758 2952 934 3051 volujssem
969 2957 1045 3026 satis
1077 2953 1125 3031 lit·

148 3089 270 3171 ceret,
296 3074 436 3174 plurima
461 3075 640 3150 obstitere.
667 3074 802 3155 Etenim
828 3075 891 3155 vu·
925 3086 994 3145 erat
1019 3100 1125 3146 auno·

147 3221 225 3283 rum
249 3196 376 3279 circiter
399 3196 664 3295 quinquaginta,
690 3197 748 3295 qui
772 3208 912 3295 quatuor
938 3207 1013 3267 ante
1030 3219 1124 3266 men.

147 3342 197 3400 ses
220 3341 321 3416 quem
347 3313 411 3389 boc
437 3330 584 3397 nostrum
608 3315 711 3388 adiret
746 3314 984 3395 Incurabilium
1017 3313 1127 3389 Noso.

146 3439 326 3529 connium,
352 3433 489 3509 Salcrno
527 3435 711 3534 Neapolim
737 3437 798 3511 iter
834 3436 986 3530 faciens,
1016 3438 1126 3513 nescio

147 3584 214 3660 qua
237 3583 377 3651 caussa,
404 3572 535 3645 coactus
569 3571 617 3629 est
653 3571 785 3651 noctu,
812 3556 910 3631 nudis
948 3557 1125 3656 pedibus,

117 3788 120 3795 Ι
147 3678 318 3773 multam,
345 3679 567 3780 fluentemque
591 3704 715 3780 aquam·
742 3682 963 3776 pertransire.
1008 3678 1126 3753 Paullo

146 3813 223 3919 pust
245 3795 359 3887 dolore
394 3798 568 3895 corripitur
591 3798 627 3870 in
663 3798 801 3898 planta,
830 3813 863 3872 et
901 3798 997 3873 dorso
1035 3799 1127 3896 ped'a

146 3921 302 4015 deleti,
328 3922 385 4037 qui
411 3921 532 4010 sensim
560 3919 735 4007 ascendere
766 3920 810 4017 ad
837 3918 977 4013 achiam
1015 3945 1120 4031 uslue
