2544 4710
564 415 698 526 (97)

143 582 365 686 repentinam
387 577 448 686 (a)
473 577 565 686 quod
590 594 689 657 restat
713 607 755 657 ex
783 583 860 684 opio
881 577 918 656 id
949 564 1121 658 innoxium

142 701 282 779 omnim
304 712 381 798 cst,
407 701 500 806 quod
524 711 574 779 est
597 704 632 776 in
655 703 771 801 primis
784 697 993 802 expertuma
1010 701 1123 779 Sunt·

137 840 202 898 tto
222 818 283 925 (d)
304 871 314 896 .
342 820 421 924 opii
444 822 544 923 igitur
568 820 681 895 oleum
706 821 826 895 sicum
842 819 918 894 bilis
933 819 1035 915 oleo,
1055 821 1122 895 aci-

133 940 254 1046 daque
277 947 351 1044 ejus
376 956 467 1044 purte
491 941 568 1044 (e),
596 940 879 1035 commisceatur,
906 941 1120 1018 enervabitur

143 1063 300 1158 remim,
327 1089 367 1138 ne
391 1061 461 1137 tere
483 1063 620 1137 undem
645 1063 822 1162 soponum
838 1065 910 1161 ejus
928 1061 980 1137 vis
1003 1079 1122 1137 evane-

141 1180 242 1255 tnet.
271 1176 401 1256 Notitm
426 1192 475 1255 est
498 1183 589 1256 enim
614 1179 695 1282 quid
720 1178 813 1255 acida
830 1181 953 1280 possint
976 1178 1013 1255 in
1028 1177 1122 1278 plan·
1220 1198 1223 1205 ’

140 1308 256 1376 tntum
278 1299 476 1378 destruenda
501 1302 680 1403 soporifera
705 1299 885 1376 facultate.
903 1299 960 1374 Ab
984 1296 1117 1378 bacatu

141 1419 314 1495 temnitis
339 1421 482 1496 efficacia
504 1423 540 1495 in
564 1421 631 1520 opii
655 1419 784 1494 viribus
808 1419 1002 1496 enervandis
1027 1475 1038 1516 ,
1061 1445 1119 1515 rn-

142 1539 192 1614 tio
215 1536 300 1612 mihi
321 1540 501 1640 praecipua
524 1539 654 1615 videtur
678 1538 884 1639 repetenda,
912 1564 971 1613 our
1008 1538 1119 1613 homi·

140 1675 200 1733 net
223 1652 289 1740 hou
311 1660 420 1732 minus
444 1657 583 1733 sentiant
605 1658 673 1758 opii
696 1661 793 1752 vim,
818 1681 889 1760 qno
915 1656 1037 1730 diutius
1048 1659 1121 1756 ejus
1250 1694 1256 1706 ·

139 1777 215 1851 mni
240 1777 439 1851 assueverint
467 1801 478 1849 t
505 1776 600 1877 quod
623 1775 735 1850 multis
774 1777 809 1848 in
841 1789 913 1848 arte
954 1773 1120 1850 habemus

139 1895 372 1973 confirmatum
395 1896 583 1997 exemplis.
611 1894 692 1995 opii
713 1921 860 1996 ¹namque
876 1896 1022 1989 virtute,
1041 1924 1120 1971 cum

143 2014 232 2089 vitae
260 2016 346 2089 viras
384 2013 651 2115 elanguescunt,
679 2015 876 2088 secretiones
907 2013 1117 2109 humorum,

138 2145 304 2236 quotquot
325 2161 346 2208 a
369 2136 526 2234 sunguine
551 2135 707 2209 unterioso
731 2136 764 2206 in
788 2132 933 2207 hominis
954 2131 1120 2207 vmachina

138 2251 245 2348 tunt,
271 2253 496 2343 minuunturt
533 2279 599 2327 uua
622 2253 824 2353 superstite,
851 2278 918 2325 non
944 2265 1012 2327 tam
1025 2255 1120 2326 'inte-

141 2396 210 2473 ssnj
227 2371 426 2474 qnamforte
435 2376 545 2472 potius
558 2388 677 2469 ancta,
702 2371 777 2445 bilis
789 2374 966 2447 secretione
979 2371 1115 2476 (nuru).

141 2490 235 2567 flacc
259 2492 395 2569 enimn
419 2494 574 2592 sanguine
599 2493 813 2587 fitvenoso,
840 2495 1026 2594 cujusquo
1051 2508 1117 2567 tnr-
1216 2582 1219 2587 Ι

141 2613 214 2690 dioc
236 2625 288 2689 eet
310 2627 451 2709 motus,
479 2614 543 2689 hoc
567 2618 674 2714 major
698 2613 774 2687 bilis
798 2614 891 2712 copia
916 2628 1115 2714 separaturi

142 2733 224 2809 Bilis
237 2759 326 2836 'ergo
350 2736 386 2808 in
409 2735 569 2810 intestinis
603 2735 668 2809 hoc
691 2735 795 2834 magis
826 2733 1021 2831 redundat,
1046 2764 1116 2839 quo

139 2850 264 2929 datius
287 2856 405 2953 opium
428 2857 598 2928 sumitur.
627 2853 786 2954 Adeoque
801 2857 936 2926 materia
950 2853 1119 2928 destruens

141 2973 208 3071 opii
234 2972 321 3048 vires
343 3001 385 3048 eo
422 2977 529 3076 major
552 2973 672 3067 ndest,
708 2999 776 3074 qno
813 2999 894 3046 usus
917 2974 984 3071 opii
1019 2974 1117 3050 fuerit

141 3088 296 3194 longior.
322 3095 443 3171 Nonne
467 3123 546 3197 ergo
569 3095 663 3197 quod
687 3097 804 3193 opium
820 3090 896 3168 bilis
911 3095 1116 3195 copiaman·

143 3210 242 3312 gest,
268 3213 352 3293 tum
373 3219 410 3291 in
432 3217 498 3293 alvi
522 3217 627 3292 fluore
652 3243 673 3291 a
697 3213 764 3290 bile
780 3214 941 3316 producto
955 3215 1115 3291 enhiben·
1138 3248 1142 3258 ·
1238 3200 1242 3210 ⁸

563 3353 665 3376 turb-

146 3412 188 3507 (c)
209 3375 421 3503 Nsoutnnus
443 3415 595 3489 Chemiae
687 3431 827 3514 gnoeto.
854 3421 884 3506 ς.
909 3406 957 3487 tl.
1083 3464 1112 3473 -·

181 3518 257 3621 Μ’.
283 3527 371 3619 969,
404 3530 595 3613 ¹Bucuuuuus
640 3533 685 3623 (c)
710 3529 832 3600 Confer
846 3531 1052 3599 Vrmrtnrnu
1066 3527 1114 3600 E-

181 3629 222 3700 de
235 3632 305 3727 opii
327 3618 499 3706 effectibus.
681 3643 755 3733 pist.
783 3638 825 3706 ad
845 3635 887 3707 L.
907 3635 1017 3708 Tusrr.
1043 3639 1117 3732 Op·⁴

144 3738 201 3921 (b)¹
218 3745 332 3839 Apud·
357 3748 409 3818 Jo.
446 3745 576 3816 Cuursr.
651 3749 866 3843 ·vol.3.p.m.
885 3750 959 3820 162.
975 3761 1006 3816 ct
1020 3774 1109 3843 sequ.

202 3876 290 3930 neom
311 3846 352 3926 de
374 3855 497 3937 viribus
534 3855 591 3950 hy·
680 3860 745 3930 Ed.
772 3858 886 3927 Venet.
903 3881 1115 3955 utnetmuna

182 3965 324 4054 paulicis
358 3985 377 4035 rt
401 3970 516 4038 minen.
545 3993 593 4033 ru*
621 4043 625 4056 Ι
1106 3968 1109 3973 ’

953 4089 973 4167 ὅ
