2544 4710
407 409 410 415 ·
468 400 628 502 (aaa)

53 575 241 665 procurant.
271 560 362 637 Haec
387 585 448 659 ego
473 557 686 660 caeteroquin
712 553 870 630 omuibus
887 552 1030 632 variolo-

54 688 127 778 sis,
155 683 222 758 sub
245 669 371 782 primio-
385 681 496 755 morbi
520 677 677 772 indiciis,
704 673 862 768 brachiis,
889 688 923 748 et
955 698 1035 749 <aa⁴

51 804 147 878 ribus
171 804 319 902 apposita
343 801 433 878 volo.
463 800 554 875 Nam
576 821 770 899 persuasum
792 794 874 870 milri
887 809 952 891 est,
971 795 1031 869 dea

53 908 174 1000 tectam
198 949 315 998 eorum
340 947 443 1023 opera
460 936 574 995 cutem
590 945 729 1018 maguae
744 919 828 1016 parti
845 917 1035 994 venerim

58 1046 167 1120 riolosi
191 1045 333 1119 liberum
357 1063 452 1144 posse
476 1046 604 1116 exitum
628 1039 838 1134 concedere,
880 1064 967 1139 quae
992 1039 1035 1112 de

58 1193 191 1240 summa
223 1167 367 1240 detractu
393 1167 494 1239 totius
508 1164 694 1266 quantitatis
717 1161 834 1238 veneni
849 1184 974 1257 corpus
989 1161 1039 1232 irt-

57 1288 195 1359 srcientis
214 1340 225 1379 ,
242 1286 410 1360 residuum
436 1285 552 1359 efficiat
577 1283 718 1382 parcius,
736 1293 769 1353 et
781 1277 1036 1380 pustulatiotrem

60 1420 218 1505 procuret
244 1404 483 1480 discretiorem.
511 1401 598 1477 Mihi
624 1400 751 1504 saltem,
770 1425 876 1500 quum
901 1397 1039 1474 satiare

62 1526 125 1599 hoc
149 1526 308 1624 praesidio
333 1552 410 1601 sum
440 1547 550 1618 usus,
577 1521 784 1624 aequabilem
808 1518 1040 1596 confluentiam

59 1646 254 1720 variolarum
294 1649 457 1720 rarissime
492 1645 626 1742 contigit
648 1641 834 1716 ObseWstl'e‘·
862 1641 1039 1716 caeteram

65 1767 280 1837 vesicantium
304 1764 508 1846 beneficium
533 1789 600 1836 non
616 1760 715 1835 solius
731 1745 1040 1860 eruptionis-musta

60 1908 217 1979 maguum
235 1898 283 1956 est
306 1887 341 1957 in
366 1883 544 1978 variolam,
560 1883 620 1956 'sed
636 1882 679 1955 ad
703 1894 828 1956 caetera
839 1882 1039 1978 omninipo-

62 2003 143 2074 tinet
169 2002 279 2075 morbi
297 2004 411 2076 stadia.
435 2002 574 2078 Etenim
596 2002 799 2078 'vivaciorem
809 2001 961 2076 lubitum
972 2016 1040 2100 pu-

65 2121 229 2194 stularum
253 2120 425 2212 efficiunt,
448 2136 552 2196 etex
577 2147 617 2195 eo
640 2123 898 2220 promptiorem,
924 2120 1038 2195 metio

60 2266 201 2340 remque
219 2242 504 2341 suppurationem.
531 2241 638 2343 quue
652 2255 741 2314 certe
754 2242 1039 2340 praestantiorem

59 2359 185 2432 Natura
209 2387 386 2457 pravorum
411 2360 590 2436 humorum
606 2386 728 2454 onere,
745 2361 805 2462 qui
817 2359 1041 2438 ,stimulisvae

62 2482 119 2551 riis
142 2478 187 2550 ab
213 2472 315 2576 opere
338 2479 498 2554 varioloso
520 2508 599 2556 cam
621 2480 800 2555 distrahere
823 2483 1035 2582 potuissent.

65 2600 157 2672 Cum
180 2614 291 2672 autem
315 2614 430 2696 vegeta
453 2614 503 2673 est
525 2603 679 2696 Natura,
720 2617 752 2676 et
778 2622 939 2704 nusquam
973 2603 1039 2676 aba

68 2719 327 2792 inflammatione
345 2719 502 2794 distracta
526 2723 602 2794 unis
625 2721 758 2816 verialia
781 2718 965 2816 incumbit,
981 2715 1038 2798 raa

65 2862 196 2935 semper
220 2837 326 2934 magis
351 2839 485 2910 suntin
509 2851 597 2911 tuto.
624 2837 715 2918 Nam
728 2841 901 2939 quantavis
924 2840 965 2911 sit
981 2865 1039 2914 va-

43 2957 178 3031 ‘riolosi
201 2955 309 3029 morbi
331 2956 556 3055 magnitudo,
593 2958 620 3031 si
644 2956 733 3031 solus
754 2972 836 3052 est,
875 2961 902 3031 si
925 2972 1038 3036 cutem

65 3079 188 3170 unice,
213 3077 380 3181 pleneque.
402 3079 575 3176 corripuit,
600 3080 631 3153 ei
656 3076 742 3153 bene
766 3078 904 3153 ferendo
928 3079 1037 3157 boni·

61 3199 114 3269 nis
138 3189 254 3269 natura
276 3224 337 3295 por
352 3212 415 3297 est,
441 3197 628 3271 Vesicantia
644 3208 771 3293 autem,
785 3200 1037 3299 quaritumfletn'
1063 3232 1067 3238 ·
1163 3214 1166 3219 ·
1208 3174 1212 3181 ”

68 3328 205 3415 potest,
233 3317 348 3403 noxios
372 3315 542 3412 humores,
568 3340 751 3416 pravosque
774 3316 959 3413 vacuando,
970 3332 1037 3391 'vu

60 3435 151 3508 riolis
174 3434 336 3532 integram
350 3434 514 3511 Naturam
537 3435 736 3536 relinquunt.
766 3433 907 3508 vacuari
921 3450 1036 3517 autem

63 3582 83 3627 a
106 3553 324 3629 redeuntibus
347 3553 445 3628 noxia
467 3568 702 3656 argumentum
739 3568 787 3629 eat
806 3557 1031 3654 ’maximumq

62 3673 155 3775 quod
181 3672 270 3748 nullo
295 3672 431 3774 quidem
452 3675 490 3750 in
514 3675 632 3751 morbo
652 3730 662 3772 ‚
680 3703 727 3751 ac
752 3676 788 3751 in
813 3675 943 3753 varinlis
959 3733 975 3784 λ,
991 3689 1036 3752 et

66 3792 229 3889 copiosius
239 3804 385 3865 manant
404 3847 416 3886 ,
442 3805 476 3865 et
500 3794 604 3868 serius
628 3813 744 3870 eorum
761 3793 876 3871 'ulnera
917 3792 1034 3870 adlide-

61 3914 157 3984 scunt
173 3961 182 3981 .
200 3904 247 3984 Et
256 3904 331 3985 ⁴vidi
346 3905 389 3986 ad
403 3907 616 4012 quadraginta
630 3912 700 3990 dies
713 3925 787 4013 post
797 3926 949 3991 exactam
960 3929 1036 4016 pen
1060 3993 1065 4002 ,
