2544 4710
629 365 786 470 (174)
1117 493 1121 502 .

223 539 267 607 et
294 517 689 610 medicamentorum
713 524 968 638 doctrinam,
983 561 1218 646 quaecam-¹

223 661 383 771 magis,
401 685 443 752 et
471 662 748 778 experiundo,
764 697 889 783 quarn
922 673 1085 756 ratione
1115 674 1201 762 suia
1222 708 1228 724 ⁸

224 823 324 887 sunt
353 801 541 891 detecta:
576 808 794 925 utriusque
822 829 959 895 autem
990 818 1214 902 uonsortio.

223 935 423 1024 medendiv
449 961 613 1024 constat
643 972 726 1027 ars:
770 973 869 1030 nam
899 976 1042 1061 neque·
1066 947 1201 1039 medi·

161 1090 165 1100 '
224 1105 458 1169 ramentum
489 1084 688 1168 adhibere
719 1089 824 1170 scias
853 1089 1092 1199 cognitione
1120 1088 1199 1175 de·

223 1222 352 1307 fectus
384 1243 551 1306 naturae
573 1225 792 1335 humanae,
812 1245 854 1309 et
883 1224 1043 1312 frustra.
1061 1257 1109 1313 ea
1124 1258 1217 1313 co-¹

225 1360 354 1469 goirio
385 1361 470 1467 sit,
501 1362 580 1443 nisi
605 1359 786 1446 accedat
835 1380 1028 1476 aptorum
1056 1368 1201 1451 notitia
1247 1365 1251 1368 ⁴

222 1495 488 1582 auxiliorum.
521 1495 587 1582 Ex
616 1529 702 1613 quo
751 1500 826 1617 qui
856 1521 1018 1612 partem
1046 1501 1230 1588 alteru·'

222 1655 331 1720 tram
345 1695 361 1744 ‚
377 1633 588 1720 anisolam
603 1634 825 1744 extollunt,
841 1657 913 1719 aut
929 1634 1199 1750 deprimunt,

94 1856 101 1872 ,
218 1779 403 1889 corporis
434 1778 559 1859 unius
589 1775 772 1861 membra
803 1771 1073 1891 discerpunt,
1094 1808 1198 1893 quae
1230 1869 1240 1891 ‚

219 1918 298 2002 nisi
328 1916 697 2031 coujunctavaiere
727 1935 1023 2027 nonpossunt‘.
1058 1913 1199 2024 Quam

219 2054 276 2139 ad
320 2085 405 2139 rem
436 2047 720 2166 praestandam
765 2080 863 2135 cum
909 2082 995 2135 non
1025 2083 1200 2166 parvam

219 2223 390 2307 operam
423 2191 560 2277 adhuc
588 2187 870 2305 impenderint
901 2188 990 2291 Viri
1022 2189 1199 2278 clarissi-

221 2335 313 2440 mi,
358 2353 409 2416 et
430 2327 497 2416 Tu
528 2362 622 2416 cum
655 2332 795 2442 primis
828 2330 1194 2446 Experientissime

113 2551 117 2557 .
220 2468 429 2559 Polaenum
449 2468 750 2555 immortalibus
771 2466 848 2550 illis
865 2468 1104 2553 morborum
1119 2469 1199 2554 ob·

222 2609 554 2717 servationibus,
588 2609 643 2691 'et
684 2606 972 2718 experimentis
1003 2601 1196 2692 fidelibus

207 2745 517 2859 remediorum,
537 2768 661 2833 restat
691 2748 814 2831 eriam
845 2741 1187 2860 desiderandum,

216 2909 265 2974 ut
292 2882 461 2973 ulterius
478 2883 733 3000 impendant.
770 2879 876 2990 Quis
891 2884 1003 2965 enim
1020 2911 1212 2985 noucu·⁸
1243 2904 1247 2916 ·

218 3028 335 3144 piat,
366 3027 462 3112 artis
494 3022 549 3108 ad
579 3023 774 3128 solatium
807 3019 1031 3135 spectantis
1072 3049 1202 3106 vero·..

217 3197 313 3253 rum
344 3165 551 3252 malorum
583 3165 741 3275 generis
773 3160 960 3244 humani·
977 3179 1067 3244 tuta
1092 3220 1106 3268 ,
1131 3179 1195 3244 *et

219 3308 307 3394 sola
323 3304 590 3392 fundam-enta
607 3301 806 3418 compleri
822 3299 845 3386 ?
861 3295 979 3407 Quae
992 3330 1078 3410 sego
1098 3329 1194 3412 pere

216 3443 410 3531 videbam
441 3465 483 3528 et
513 3443 715 3556 agitabam
748 3441 910 3548 animo,
930 3470 1033 3525 cum.
1058 3439 1197 3523 vario·

216 3584 350 3670 larum
380 3583 497 3669 sedes
526 3580 689 3668 indolui
720 3609 804 3664 nou
821 3573 961 3664 adbuc
992 3578 1195 3661 constitue

217 3747 310 3835 tas,
330 3755 448 3843 quae
480 3726 656 3808 maxime
686 3739 823 3805 esseut
866 3718 1104 3832 cognitione
1132 3710 1196 3798 di,
1227 3759 1231 3779 =

154 3959 158 3966 ,
219 3869 459 3980 ςηὶεςὶωεε.
480 3863 528 3947 In
560 3895 642 3978 quo
689 3891 788 3947 cum
814 3892 862 3946 ea
892 3854 1039 3949 sedulo
1057 3854 1208 3954 :noller

220 4010 402 4120 gisseni,¹
424 4035 533 4123 quae
562 4035 645 4092 aon
675 3999 973 4122 perfunctoria
989 4030 1047 4089 en·
1069 3990 1230 4093 cadit-2²
