2544 4710
140 500 151 513 ,
457 393 620 511 (269)

47 567 161 668 potius
185 590 286 669 quam
311 563 469 639 attrahere
499 565 543 639 ad
566 578 707 660 cutem,
751 562 907 664 attigere
931 587 1032 640 rene·

51 708 137 757 num
160 681 391 775 variolosum,
418 679 548 765 salutari
573 680 723 758 Naturae
760 681 1028 757 oonsiliocutem

51 801 238 896 affectans,
264 797 344 874 illud
367 801 504 875 omnino
527 826 547 873 a
572 815 648 877 cute
675 799 838 902 repellunt
857 815 1032 900 ,cognate
1085 866 1090 879 r

51 946 119 1022 que
143 946 221 994 cum
244 922 403 1017 sauguine
426 923 644 995 commixtum
668 922 784 996 intima
799 922 944 1019 corporis
960 947 1032 993 ma·

58 1041 156 1115 ximis
179 1038 347 1138 periculis,
365 1041 556 1114 circumire.
584 1038 674 1124 Nam
696 1054 823 1140 praeter
847 1034 1034 1114 convulsio·

55 1186 130 1256 nes,
154 1185 239 1262 quae
263 1163 399 1236 minime
422 1154 655 1254 intermittunt,
673 1170 900 1260 perseverante
924 1156 961 1235 vi
979 1184 1036 1234 ve-

55 1283 135 1354 neni
159 1306 277 1356 nervos
299 1281 499 1372 infestante,
526 1281 625 1354 ctiam
647 1278 813 1377 sanguinis
836 1299 932 1375 saepe
957 1300 1037 1375 spu·

55 1398 434 1496 tumget'respirationis
458 1395 642 1491 difficultas,
668 1410 701 1470 et
725 1393 1034 1488 haemorrhoidum,

57 1532 90 1592 et
116 1520 198 1593 uteri
222 1516 355 1592 lethales
379 1517 557 1592 adveniunt
581 1499 874 1616 haemorrhagiae.
903 1514 944 1587 ln
968 1537 1041 1614 quo*

57 1653 169 1714 tamen
186 1639 345 1713 medentis
370 1640 506 1711 intentio
522 1636 611 1710 hona
635 1639 711 1731 fuit,
731 1637 842 1736 opinio
857 1660 926 1709 non
937 1659 1032 1725 nerag

54 1783 132 1831 uam
156 1783 329 1855 perperam
346 1757 484 1831 credidit
509 1755 626 1829 veneni
643 1754 793 1831 variolosi
810 1766 962 1830 naturam
978 1780 1030 1828 se-

56 1876 121 1974 qui
144 1874 289 1947 indolem
314 1874 484 1968 aliorum,
510 1897 740 1966 venenorum,
759 1884 839 1972 puta
863 1870 1030 1964 morbillog

58 1998 88 2067 si
107 2006 210 2087 ‚aut
225 1982 362 2068 scabiosi
382 2047 402 2088 ,>
436 2006 506 2067 ant,
519 1991 655 2066 demum
680 1990 940 2080 scorbuticarum
973 1991 1036 2063 im-

56 2115 271 2214 petiginem,
298 2139 383 2214 quae
407 2113 490 2187 cutis
515 2113 614 2185 etiam
632 2149 634 2154 ·
651 2113 902 2186 efflorescentiae
926 2122 1033 2203 sunt,⁸

24 2261 29 2270 ¹
63 2259 147 2336 quas
171 2232 328 2311 balneum
352 2231 480 2329 allicit,
507 2245 634 2327 evocat,
661 2246 694 2305 et
718 2245 814 2331 auget
832 2257 843 2320 3
862 2254 949 2304 'cum
971 2256 1030 2328 po·
1147 2317 1152 2327 ¹

60 2339 342 2428 rius'varhtarum
359 2343 535 2436 ᾱνῶμῦλθν
561 2355 603 2430 tit
615 2378 794 2447 venenum,
808 2363 841 2424 et
853 2372 930 2425 cum
942 2349 1035 2448 nullo
1054 2376 1056 2381 ·
1150 2396 1152 2400 -

65 2471 154 2545 forte
177 2467 241 2542 alio
265 2496 391 2545 veneno
415 2469 524 2544 adhuc
548 2473 680 2570 cognito
713 2469 821 2544 indole
845 2484 1035 2570 congruat,

62 2603 106 2663 ot,
123 2615 199 2662 suas
221 2589 369 2687 proprias
393 2587 481 2685 leges
503 2587 650 2681 habeat,
689 2613 775 2688 quae
799 2590 880 2661 citra
903 2613 1039 2662 omnem

64 2704 251 2804 analogiam
275 2703 504 2801 collocantur,
531 2719 565 2780 et
588 2732 670 2806 quas
705 2719 837 2803 oportet
869 2708 1045 2806 >speciatim

67 2825 275 2920 investigare,
291 2837 325 2897 et
348 2847 554 2922 pernoscere,
573 2849 616 2896 ne
638 2824 672 2895 in
699 2814 773 2922 ejus
794 2824 949 2899 medendi
964 2849 1036 2896 mc·

69 2942 174 3019 thodo
198 2942 340 3019 facillimi
365 2968 524 3038 errores,
567 2943 625 3017 scd
648 2944 769 3043 passim
793 2945 862 3017 sinc
885 2945 957 3044 opis
986 2947 1043 3044 spe

61 3057 229 3157 >lethalem
257 3065 448 3163 tempestiue
473 3066 749 3139 committantur.
777 3065 950 3167 Cumque·
970 3048 1041 3152 mal

64 3186 179 3271 nimos
202 3185 352 3258 omnium
368 3197 558 3286 temporum
572 3187 748 3284 scriptores
765 3184 862 3260 noxia
879 3183 960 3260 haec
975 3175 1047 3285 opi-

68 3307 128 3394 nio
152 3296 290 3403 attingat
313 3306 500 3407 frequenter
523 3303 790 3389 commendantes
830 3307 900 3382 sive
924 3322 1045 3406 corpus

70 3421 190 3499 balneo
215 3424 423 3522 immergere,
449 3427 516 3502 sire
539 3428 974 3529 eatrema‚ct·praesertim
988 3440 1050 3532 pe·

68 3542 161 3638 slas,
190 3543 428 3642 cataplasmatis
452 3548 608 3649 continuo
632 3546 743 3624 fovere
758 3552 937 3650 eruptionis
961 3566 1047 3630 tem·

60 3687 153 3764 ‘pore
176 3660 374 3758 variatoris,
413 3663 495 3737 mihi
521 3663 603 3741 dum
625 3692 761 3753 eorum,
780 3668 935 3748 fiduciam
960 3671 1051 3747 subit

71 3779 218 3855 maxime
241 3781 353 3854 mimri
377 3807 415 3856 ea
440 3779 645 3860 laudantium
674 3840 685 3880 ‚
712 3811 796 3888 quae
818 3801 948 3888 oportet
971 3788 1048 3861 satis

68 3899 279 4011 considerate
291 3914 447 4004 expertos
460 3901 560 3982 luisse
583 3899 962 4008 nunquam„modestiae
978 3907 1051 4003 foe·
