2544 4710
489 448 696 554 (273).

63 637 102 684 ra
127 623 177 683 est
194 664 204 702 ,
232 622 269 684 ut
293 634 458 685 venenum
473 610 623 706 sanguini
637 613 858 686 commixtum
872 642 888 704 ·,
916 626 948 685 et
965 639 1043 687 cum

61 756 105 804 eo
129 756 249 831 corpus
272 733 463 807 universum
486 731 667 824 inficiens,
710 746 943 830 segregetura
973 746 1041 806 tota

59 853 227 952 sanguinis
249 879 386 942 masse,
412 867 444 926 et
469 851 630 950 relegetur
655 851 696 924 ad
723 866 849 947 cutem,
868 879 937 957 quo
963 878 1040 948 san·

59 969 134 1066 guis
158 969 251 1043 hoste
275 972 418 1069 pessimo
441 983 605 1070 purgatus·
621 971 691 1043 sine
717 969 840 1044 damno
872 985 1044 1071 percurrat

58 1089 249 1165 machinam
273 1095 487 1187 universam,
514 1106 548 1164 et
588 1117 754 1167 venenum
787 1091 972 1190 relegatum
997 1092 1042 1164 ad

58 1225 199 1307 cutem,
227 1213 460 1312 suppuratione
497 1211 676 1306 locorum,
703 1239 788 1314 quae
821 1212 972 1307 insedit,
1004 1240 1041 1288 se

59 1331 169 1428 ipsum
194 1331 247 1405 vel
262 1331 417 1406 ‘destruet
436 1386 446 1426 ,
473 1333 525 1403 vel
550 1330 690 1430 expellat
708 1359 727 1404 a
745 1358 907 1433 corpore3
936 1332 1038 1408 dubi-

57 1452 126 1523 tari
145 1478 212 1524 non
236 1464 372 1551 potest,
398 1478 483 1553 quae
506 1456 745 1552 promptiorem
769 1452 855 1527 hauc
880 1454 1039 1549 efficiunt,

42 1557 303 1673 ’plenioremque
328 1576 618 1671 segregationem,
644 1577 679 1647 in
704 1601 782 1649 cura
798 1573 1041 1651 variolosorum

55 1687 206 1786 primum
230 1687 341 1762 locum
364 1689 540 1762 obtinere.
569 1690 657 1762 Mihi
675 1717 753 1764 vero
771 1716 962 1788 persuasum
977 1706 1041 1784 est,

52 1809 116 1906 qui
142 1807 177 1878 id
201 1806 286 1879 bene
310 1808 533 1905 praestiterit,
561 1810 736 1883 curationis
771 1824 900 1908 partem
938 1811 1043 1884 maxi-

55 1952 152 1997 mam
176 1927 343 2024 exegisse,
371 1925 449 2000 huic
474 1923 568 2001 enim.
586 1927 802 2001 fundamento
836 1945 962 2002 caetera
988 1955 1044 2002 sn·

55 2056 314 2142 perstruuntur.
344 2044 482 2119 Constat
498 2028 598 2144 igilur
626 2045 735 2121 omnis
759 2071 813 2118 ars
839 2046 1052 2127 vocandi-ad¹

56 2177 199 2258 cutem,
225 2179 259 2238 et
283 2167 318 2238 in
342 2191 381 2238 ea
396 2167 518 2266 figendi
534 2166 732 2267 variolosum
747 2194 925 2262 venenum,
945 2195 1042 2266 prae÷

59 2299 157 2385 cepto
184 2310 278 2379 ono,
304 2300 341 2359 et·
362 2290 509 2362 maximo
531 2344 541 2382 ,
568 2303 607 2362 ut
621 2291 752 2388 ,signis
769 2289 969 2372 variolarum
984 2291 1043 2377 art

58 2403 268 2477 ventantibus
288 2389 405 2498 ,suae
430 2409 513 2481 cutis
536 2409 717 2492 siccitatem
754 2421 908 2507 procuret
947 2433 1062 2506 aeger,

58 2523 152 2596 omui
177 2548 242 2620 ope
262 2576 271 2593 .
299 2523 354 2595 Ex
379 2552 449 2624 quo
473 2525 634 2626 quidquid
651 2534 763 2600 acrem
783 2526 929 2626 ,inquo
948 2551 1050 2625 aeger,

57 2656 138 2735 est,
165 2642 284 2715 siccare
309 2655 422 2740 aptum
447 2658 526 2737 est,
553 2671 620 2743 quo
645 2646 731 2717 cutis
756 2643 960 2744 nequidem
976 2648 1041 2719 mi÷

36 2772 40 2779 '
61 2764 152 2835 nime
176 2762 364 2863 madescat,
389 2764 588 2861 praesidium
613 2765 674 2835 erit
687 2763 742 2836 ad
759 2766 965 2863 eruptionem
981 2793 1057 2839 va-.

62 2879 219 2954 riolarum
257 2881 519 2978 promovendam
544 2883 889 2980 praestantissimum.
917 2883 1042 2955 Lectus
1169 2967 1172 2972 ¹

64 3001 180 3097 igitur,
205 3001 264 3099 qui
289 2998 482 3073 molliendae
506 3003 573 3073 cuti
598 2999 841 3098 perspicationis
866 3023 1044 3073 coacerva·
1170 3079 1174 3094 Δ

60 3121 150 3215 tione
174 3131 268 3216 aptus
292 3133 365 3213 est,
391 3146 492 3220 quam
521 3119 593 3192 ficri
618 3119 738 3216 poterit
761 3116 936 3214 fugiendus
960 3132 1039 3206 est;

62 3237 230 3316 conclavia
255 3237 470 3313 inhabitanda
494 3265 639 3338 magna,
666 3253 698 3311 et
722 3238 885 3336 perflata:
914 3266 977 3313 nec
997 3239 1043 3312 li*

64 3357 141 3436 herl
166 3361 401 3435 commercium
426 3361 540 3456 adris,
579 3359 665 3432 dum
697 3373 1040 3461 serenatempestas,

58 3492 98 3550 et
113 3477 268 3579 perflatus
292 3487 349 3552 ae‘r
365 3481 420 3573 sit,
436 3474 648 3578 fugiendum.
675 3478 717 3553 Iu
733 3504 803 3579 quo
829 3482 905 3579 satis
929 3501 1044 3579 aegros

63 3598 162 3675 docet
184 3601 253 3697 ipsa
278 3599 405 3674 Natura
429 3599 510 3674 dum
534 3601 675 3696 caloris,
694 3613 729 3673 et
753 3602 949 3676 straminum
975 3628 1045 3677 sae·

64 3746 109 3820 pc
132 3717 241 3791 reddit
264 3717 486 3793 intolerantes.
516 3718 702 3796 Sinendum
726 3721 825 3819 igitur
850 3717 1041 3814 lubenter,

63 3855 130 3934 ut,
165 3853 303 3938 urgente
326 3840 592 3940 praecedentium
616 3839 748 3920 rariolis
771 3843 943 3940 signorum
979 3839 1042 3912 im-

62 3973 170 4060 petu,
197 3958 302 4034 libero
327 3964 422 4057 ae'ri,
448 3974 492 4035 et·
503 3958 640 4061 perflato
658 4017 670 4062 ,
690 3974 723 4036 et
746 3959 875 4060 egregie
899 3959 991 4033 sicco.
1010 3970 1047 4030 et

615 4080 629 4108 ¹
765 4085 780 4130 s
