2544 4710
157 325 1145 454 ingentidritiuore‚qritresiptcadiesoorpused⁴

156 465 299 542 modam
324 490 445 542 enerve
468 463 512 539 ed
535 464 795 549 internecionem
812 458 963 543 'confecit
981 513 992 534 .
1010 458 1065 533 Eo
1086 487 1144 536 ex-

156 587 285 685 tincto,
312 589 384 668 risa
407 602 457 661 est
480 587 611 661 occasio
633 585 731 686 longe
755 583 855 684 digua
870 640 880 680 ,
895 607 980 684 quae
995 595 1142 660 nostram

157 721 269 805 posset
294 707 336 782 de
361 704 515 810 hydrope
539 699 671 783 ischiaci
697 707 793 783 uerri
814 707 851 777 in
873 706 996 805 postica
1025 701 1145 779 ischia·

157 826 199 900 de
224 853 365 904 nervosa
388 829 585 905 sententiam
611 825 805 905 declarare.
827 818 954 926 Neque
978 822 1143 898 euimdo⁴
1214 854 1219 867 ·

154 948 399 1047 sperabamus}
428 964 469 1024 ut
492 957 529 1023 ut
554 975 651 1047 aeger
676 946 796 1022 diebus
811 945 897 1020 vitae
914 945 1067 1020 extremis
1083 946 1141 1021 vix

155 1069 201 1144 ad
224 1074 330 1145 imam
354 1071 477 1152 tibiam¹
496 1068 663 1157 tantulum
687 1067 854 1143 ischiadici
878 1067 999 1143 doloris
1023 1067 1143 1141 sensis«

155 1205 204 1266 eet
219 1174 242 1281 3=
273 1193 403 1266 rivere
428 1189 633 1268 ischiadicus-
666 1215 790 1265 nervus
814 1186 968 1289 hydrope
993 1186 1142 1262 laboras·

152 1327 229 1407 set,
256 1311 381 1413 aliquid
404 1316 439 1389 in
463 1340 505 1388 eo
542 1335 645 1388 nervo
669 1314 842 1389 inventum
880 1310 952 1404 iri,
979 1310 1072 1411 quod
1110 1311 1138 1386 si

152 1460 220 1508 non
243 1448 451 1533 praesentem
476 1426 671 1526 ostendere,
685 1457 908 1532 praegressam
923 1430 1039 1506 saltem
1050 1458 1141 1509 mor-

153 1552 192 1627 hi
217 1579 367 1658 caussam
389 1545 502 1653 posset
526 1581 695 1653 arguere.
722 1553 872 1628 Cadaver
896 1555 932 1626 in
948 1552 1139 1628 Theatrum

150 1671 322 1772 parietum¹
340 1689 414 1750 esta
441 1701 503 1751 nos
527 1675 762 1750 dissectionem
776 1674 996 1749 instituimus.
1023 1673 1065 1746 In
1080 1673 1139 1747 illo

147 1802 261 1869 tamen
276 1795 442 1897 quaedam
453 1794 653 1871 extrinsecus
667 1794 841 1871 obversata
857 1798 927 1894 jem
943 1791 1031 1870 illico
1042 1819 1139 1894 spem

147 1928 304 1992 nostram·
323 1919 511 2016 infregere.
539 1917 679 1992 Etenim
702 1916 816 1993 clunes
846 1930 1022 2016 corruptae
1062 1942 1139 1992 ver-

147 2040 380 2134 armaverant,
408 2052 441 2114 et
466 2064 523 2138 pes
547 2053 687 2140 uterque
711 2038 755 2113 ad
780 2039 925 2114 mediam
964 2064 1069 2140 usque
1094 2038 1137 2111 ti-

154 2157 251 2233 biam
275 2187 362 2261 aqua
386 2160 548 2234 intercute
570 2159 774 2236 laborabat:
800 2187 886 2260 quae
917 2161 1025 2254 vitia,
1052 2160 1136 2236 dum

147 2298 245 2375 tegor
270 2279 423 2374 viveret,
451 2281 576 2354 nemini
602 2272 753 2374 attenta,
780 2279 864 2354 forte
886 2281 1061 2380 postremis
1085 2281 1137 2353 vi·

143 2404 195 2472 aa
220 2399 345 2475 diebus
367 2400 535 2500 irrepsisse
560 2401 755 2477 dicebant-ur
773 2455 782 2475 .
803 2397 998 2503 Utcumque
1022 2415 1134 2477 tamen

144 2508 225 2594 inita
251 2519 436 2598 dissectio.
465 2523 620 2626 Visisque
643 2528 790 2623 primum
815 2525 901 2598 vitiis
920 2526 955 2596 in
979 2523 1135 2601 abdomi⁴

148 2665 190 2714 ue
218 2644 429 2737 manifestis,
457 2669 543 2745 quae
568 2645 683 2719 fluoris
710 2644 775 2718 alvi
799 2665 927 2718 caussas
951 2643 1134 2744 qtradmte*

150 2788 214 2838 uus
238 2763 474 2855 declararent3
499 2793 646 2867 quorum
683 2762 837 2840 historiae
859 2764 938 2837 alias
974 2768 1034 2838 erit
1059 2764 1131 2838 for·
1166 2777 1170 2787 ’

142 2895 225 2958 tasse
251 2885 343 2961 loeus
361 2886 683 2976 3'ad1ischiadicmn
708 2886 865 2961 dextrum
902 2910 1044 2959 nervum
1067 2859 1131 2959 noi

139 3008 363 3087 convertimus
383 3053 394 3080 a
421 3009 501 3100 Quo
527 3007 685 3105 detecto,
712 3013 758 3084 sic
782 3011 891 3083 visum
915 3061 925 3081 .
953 3007 1038 3080 Erat
1053 3033 1132 3081 ner-

126 3130 230 3217 tus,
258 3125 367 3200 adhuc
391 3128 519 3225 vaginis
540 3130 707 3224 indutus5
732 3157 750 3203 a
775 3153 858 3203 coxo
873 3127 915 3201 ad
940 3125 1058 3203 tibiam
1075 3155 1131 3203 so·

140 3239 199 3315 lito
221 3243 418 3337 coloratior3
445 3252 606 3348 uou‘jam
631 3273 789 3325 vasorum
822 3251 956 3348 vaginas
993 3275 1129 3348 percum

131 3364 283 3438 tertium
309 3369 563 3466 magnitudine,
591 3378 648 3442 aut
671 3367 828 3467 plenitate
847 3414 863 3463 ,v
877 3368 944 3448 ‚sed
977 3369 1129 3448 intinctu
1154 3413 1157 3425 ·

141 3482 290 3583 quodam
304 3514 401 3562 novo
426 3489 647 3564 ambientium
673 3490 974 3580 membranarum
1010 3502 1127 3571 omued

139 3605 228 3679 euim
254 3606 446 3681 devehant.
475 3609 594 3709 Itaque
613 3612 739 3710 vaginis
763 3612 859 3687 nervi
883 3609 1017 3684 extimis
1042 3611 1128 3685 inci-t

140 3723 212 3822 sis,
240 3725 432 3829 detersoque
458 3756 607 3830 vapore3
635 3757 705 3836 quo
730 3746 817 3809 certe
844 3763 910 3812 non
923 3747 1051 3833 praeter
1063 3759 1125 3807 ua·
