<?xml version="1.0" encoding="UTF-8"?>
<!DOCTYPE html PUBLIC "-//W3C//DTD XHTML 1.0 Transitional//EN"
    "http://www.w3.org/TR/xhtml1/DTD/xhtml1-transitional.dtd">
<html xmlns="http://www.w3.org/1999/xhtml" xml:lang="en" lang="en">
 <head>
  <title>
</title>
<meta http-equiv="Content-Type" content="text/html;charset=utf-8" />
  <meta name='ocr-system' content='tesseract 3.04.00' />
  <meta name='ocr-capabilities' content='ocr_page ocr_carea ocr_par ocr_line ocrx_word'/>
</head>
<body>
  <div class='ocr_page' id='page_1' title='image "./opusculamedica00cotugoog_0367.png"; bbox 0 0 2544 4710; ppageno 0'>
   <div class='ocr_carea' id='block_1_1' title="bbox 260 412 1226 677">
    <p class='ocr_par' dir='ltr' id='par_1_1' title="bbox 260 412 1226 677">
     <span class='ocr_line' id='line_1_1' title="bbox 655 412 1008 517; baseline -0.006 -25"><span class='ocrx_word' id='word_1_1' title='bbox 655 412 673 517; x_wconf 90' lang='lat'>(</span> <span class='ocrx_word' id='word_1_2' title='bbox 698 415 810 517; x_wconf 83' lang='lat'>350)</span> <span class='ocrx_word' id='word_1_3' title='bbox 1005 437 1008 444; x_wconf 89' lang='grc'>’</span> 
     </span>
     <span class='ocr_line' id='line_1_2' title="bbox 260 572 1226 677; baseline 0.006 -32"><span class='ocrx_word' id='word_1_4' title='bbox 260 572 316 648; x_wconf 80' lang='lat' dir='ltr'>dis&#39;</span> <span class='ocrx_word' id='word_1_5' title='bbox 331 587 535 675; x_wconf 73' lang='lat' dir='ltr'>peremptam</span> <span class='ocrx_word' id='word_1_6' title='bbox 559 574 688 649; x_wconf 80' lang='lat' dir='ltr'>damma</span> <span class='ocrx_word' id='word_1_7' title='bbox 712 572 1088 675; x_wconf 74' lang='lat' dir='ltr'>septimumorltialie,</span> <span class='ocrx_word' id='word_1_8' title='bbox 1113 578 1170 651; x_wconf 84' lang='lat' dir='ltr'>eui</span> <span class='ocrx_word' id='word_1_9' title='bbox 1183 579 1226 677; x_wconf 80' lang='lat' dir='ltr'>je·</span> 
     </span>
    </p>
   </div>
   <div class='ocr_carea' id='block_1_2' title="bbox 133 691 1225 795">
    <p class='ocr_par' dir='ltr' id='par_1_2' title="bbox 133 691 1225 795">
     <span class='ocr_line' id='line_1_3' title="bbox 133 691 1225 795; baseline 0.001 -26"><span class='ocrx_word' id='word_1_10' title='bbox 133 691 136 708; x_wconf 87' lang='lat'>&#39;</span> <span class='ocrx_word' id='word_1_11' title='bbox 258 694 381 769; x_wconf 77' lang='lat' dir='ltr'>ctu-ad</span> <span class='ocrx_word' id='word_1_12' title='bbox 404 694 522 792; x_wconf 80' lang='lat' dir='ltr'><strong>pelvim</strong></span> <span class='ocrx_word' id='word_1_13' title='bbox 545 721 629 795; x_wconf 83' lang='lat' dir='ltr'>pene</span> <span class='ocrx_word' id='word_1_14' title='bbox 653 696 837 770; x_wconf 83' lang='lat' dir='ltr'>abdominis</span> <span class='ocrx_word' id='word_1_15' title='bbox 859 708 997 768; x_wconf 78' lang='lat' dir='ltr'>tumens</span> <span class='ocrx_word' id='word_1_16' title='bbox 1006 695 1225 790; x_wconf 68' lang='lat' dir='ltr'>descenderat,</span> 
     </span>
    </p>
   </div>
   <div class='ocr_carea' id='block_1_3' title="bbox 166 814 1229 1628">
    <p class='ocr_par' dir='ltr' id='par_1_3' title="bbox 166 814 1229 1628">
     <span class='ocr_line' id='line_1_4' title="bbox 258 814 1228 912; baseline 0.005 -26"><span class='ocrx_word' id='word_1_17' title='bbox 258 827 302 886; x_wconf 81' lang='lat' dir='ltr'>et-</span> <span class='ocrx_word' id='word_1_18' title='bbox 315 814 357 885; x_wconf 90' lang='lat' dir='ltr'>in-</span> <span class='ocrx_word' id='word_1_19' title='bbox 373 816 489 888; x_wconf 87' lang='lat' dir='ltr'>sinistri</span> <span class='ocrx_word' id='word_1_20' title='bbox 514 816 616 888; x_wconf 85' lang='lat' dir='ltr'>cubiti</span> <span class='ocrx_word' id='word_1_21' title='bbox 642 816 767 888; x_wconf 77' lang='lat' dir='ltr'>flexura</span> <span class='ocrx_word' id='word_1_22' title='bbox 785 814 952 889; x_wconf 78' lang='lat' dir='ltr'>abscessus</span> <span class='ocrx_word' id='word_1_23' title='bbox 966 836 1107 912; x_wconf 80' lang='lat' dir='ltr'>magnus</span> <span class='ocrx_word' id='word_1_24' title='bbox 1122 837 1228 891; x_wconf 75' lang='lat' dir='ltr'>exmu-</span> 
     </span>
     <span class='ocr_line' id='line_1_5' title="bbox 258 935 1228 1036; baseline 0.002 -30"><span class='ocrx_word' id='word_1_25' title='bbox 258 949 349 1007; x_wconf 77' lang='lat' dir='ltr'>amat</span> <span class='ocrx_word' id='word_1_26' title='bbox 360 937 490 1008; x_wconf 81' lang='lat' dir='ltr'>¹luistra</span> <span class='ocrx_word' id='word_1_27' title='bbox 507 949 643 1034; x_wconf 86' lang='lat' dir='ltr'>apertus</span> <span class='ocrx_word' id='word_1_28' title='bbox 662 989 670 1007; x_wconf 92' lang='lat'><strong>.</strong></span> <span class='ocrx_word' id='word_1_29' title='bbox 699 935 784 1008; x_wconf 87' lang='lat' dir='ltr'>Sunt</span> <span class='ocrx_word' id='word_1_30' title='bbox 808 947 920 1007; x_wconf 86' lang='lat' dir='ltr'>contra</span> <span class='ocrx_word' id='word_1_31' title='bbox 939 966 957 1029; x_wconf 81' lang='lat'>‚·</span> <span class='ocrx_word' id='word_1_32' title='bbox 968 935 1094 1034; x_wconf 81' lang='lat' dir='ltr'>quibus</span> <span class='ocrx_word' id='word_1_33' title='bbox 1108 941 1228 1036; x_wconf 75' lang='lat' dir='ltr'>stygiae</span> 
     </span>
     <span class='ocr_line' id='line_1_6' title="bbox 166 1044 1228 1158; baseline 0.003 -31"><span class='ocrx_word' id='word_1_34' title='bbox 166 1080 168 1085; x_wconf 89' lang='lat'>·</span> <span class='ocrx_word' id='word_1_35' title='bbox 259 1055 503 1156; x_wconf 82' lang='lat' dir='ltr'>quadammodo</span> <span class='ocrx_word' id='word_1_36' title='bbox 527 1083 629 1156; x_wconf 89' lang='lat' dir='ltr'>aquae</span> <span class='ocrx_word' id='word_1_37' title='bbox 653 1055 771 1128; x_wconf 85' lang='lat' dir='ltr'>similes</span> <span class='ocrx_word' id='word_1_38' title='bbox 794 1053 948 1129; x_wconf 88' lang='lat' dir='ltr'>humores</span> <span class='ocrx_word' id='word_1_39' title='bbox 964 1055 1075 1128; x_wconf 85' lang='lat' dir='ltr'>insunt</span> <span class='ocrx_word' id='word_1_40' title='bbox 1095 1112 1105 1149; x_wconf 84' lang='lat'>‚</span> <span class='ocrx_word' id='word_1_41' title='bbox 1125 1044 1228 1158; x_wconf 70' lang='lat' dir='ltr'>quum</span> 
     </span>
     <span class='ocr_line' id='line_1_7' title="bbox 259 1171 1227 1272; baseline 0.004 -27"><span class='ocrx_word' id='word_1_42' title='bbox 259 1173 390 1246; x_wconf 79' lang='lat' dir='ltr'>variolis</span> <span class='ocrx_word' id='word_1_43' title='bbox 412 1175 657 1272; x_wconf 78' lang='lat' dir='ltr'>prehenduntur</span> <span class='ocrx_word' id='word_1_44' title='bbox 676 1199 686 1245; x_wconf 75' lang='lat' dir='ltr'>t</span> <span class='ocrx_word' id='word_1_45' title='bbox 712 1171 884 1272; x_wconf 74' lang='lat' dir='ltr'>inquibus</span> <span class='ocrx_word' id='word_1_46' title='bbox 907 1171 981 1247; x_wconf 87' lang='lat' dir='ltr'>ideo</span> <span class='ocrx_word' id='word_1_47' title='bbox 995 1177 1144 1248; x_wconf 78' lang='lat' dir='ltr'>›mirum-</span> <span class='ocrx_word' id='word_1_48' title='bbox 1159 1195 1227 1249; x_wconf 82' lang='lat' dir='ltr'>&#39;nau</span> 
     </span>
     <span class='ocr_line' id='line_1_8' title="bbox 259 1289 1229 1389; baseline 0.001 -26"><span class='ocrx_word' id='word_1_49' title='bbox 259 1305 337 1381; x_wconf 83' lang='lat' dir='ltr'>est,</span> <span class='ocrx_word' id='word_1_50' title='bbox 364 1291 390 1362; x_wconf 91' lang='lat' dir='ltr'>si</span> <span class='ocrx_word' id='word_1_51' title='bbox 414 1317 433 1361; x_wconf 88' lang='lat' dir='ltr'>a</span> <span class='ocrx_word' id='word_1_52' title='bbox 457 1290 614 1363; x_wconf 89' lang='lat' dir='ltr'>varioloso</span> <span class='ocrx_word' id='word_1_53' title='bbox 638 1310 764 1364; x_wconf 84' lang='lat' dir='ltr'>venenu</span> <span class='ocrx_word' id='word_1_54' title='bbox 786 1292 820 1361; x_wconf 90' lang='lat' dir='ltr'>in</span> <span class='ocrx_word' id='word_1_55' title='bbox 843 1289 1011 1389; x_wconf 81' lang='lat' dir='ltr'>pustulam</span> <span class='ocrx_word' id='word_1_56' title='bbox 1022 1293 1153 1364; x_wconf 81' lang='lat' dir='ltr'>attracti</span> <span class='ocrx_word' id='word_1_57' title='bbox 1166 1292 1229 1364; x_wconf 87' lang='lat' dir='ltr'>lm-</span> 
     </span>
     <span class='ocr_line' id='line_1_9' title="bbox 260 1408 1228 1511; baseline 0.002 -27"><span class='ocrx_word' id='word_1_58' title='bbox 260 1436 370 1484; x_wconf 81' lang='lat' dir='ltr'>moras</span> <span class='ocrx_word' id='word_1_59' title='bbox 390 1409 439 1481; x_wconf 88' lang='lat' dir='ltr'>illi</span> <span class='ocrx_word' id='word_1_60' title='bbox 462 1412 528 1483; x_wconf 87' lang='lat' dir='ltr'>cito</span> <span class='ocrx_word' id='word_1_61' title='bbox 553 1409 685 1482; x_wconf 83' lang='lat' dir='ltr'>erodant</span> <span class='ocrx_word' id='word_1_62' title='bbox 720 1435 846 1502; x_wconf 88' lang='lat' dir='ltr'>omne,</span> <span class='ocrx_word' id='word_1_63' title='bbox 886 1408 977 1511; x_wconf 87' lang='lat' dir='ltr'>quod</span> <span class='ocrx_word' id='word_1_64' title='bbox 1002 1410 1228 1510; x_wconf 78' lang='lat' dir='ltr'>¹impleverunt</span> 
     </span>
     <span class='ocr_line' id='line_1_10' title="bbox 260 1529 1228 1628; baseline -0.002 -24"><span class='ocrx_word' id='word_1_65' title='bbox 260 1533 452 1604; x_wconf 77' lang='lat' dir='ltr'>Manrruuu</span> <span class='ocrx_word' id='word_1_66' title='bbox 469 1554 588 1627; x_wconf 85' lang='lat' dir='ltr'>eorpus</span> <span class='ocrx_word' id='word_1_67' title='bbox 604 1552 774 1619; x_wconf 84' lang='lat' dir='ltr'><strong>mucosum</strong></span> <span class='ocrx_word' id='word_1_68' title='bbox 788 1581 798 1620; x_wconf 82' lang='lat'>,</span> <span class='ocrx_word' id='word_1_69' title='bbox 814 1539 847 1597; x_wconf 89' lang='lat' dir='ltr'>et</span> <span class='ocrx_word' id='word_1_70' title='bbox 862 1551 922 1622; x_wconf 88' lang='lat' dir='ltr'>pro</span> <span class='ocrx_word' id='word_1_71' title='bbox 939 1529 1041 1603; x_wconf 86' lang='lat' dir='ltr'>denso</span> <span class='ocrx_word' id='word_1_72' title='bbox 1055 1577 1065 1612; x_wconf 85' lang='lat'>‚</span> <span class='ocrx_word' id='word_1_73' title='bbox 1079 1558 1121 1605; x_wconf 84' lang='lat' dir='ltr'>as</span> <span class='ocrx_word' id='word_1_74' title='bbox 1137 1556 1228 1628; x_wconf 85' lang='lat' dir='ltr'>spou-</span> 
     </span>
    </p>
   </div>
   <div class='ocr_carea' id='block_1_4' title="bbox 151 1646 1225 1748">
    <p class='ocr_par' dir='ltr' id='par_1_4' title="bbox 151 1646 1225 1748">
     <span class='ocr_line' id='line_1_11' title="bbox 151 1646 1225 1748; baseline -0.001 -23"><span class='ocrx_word' id='word_1_75' title='bbox 151 1675 153 1679; x_wconf 75' lang='grc'>’</span> <span class='ocrx_word' id='word_1_76' title='bbox 262 1651 351 1746; x_wconf 87' lang='lat' dir='ltr'>giusu</span> <span class='ocrx_word' id='word_1_77' title='bbox 373 1674 508 1745; x_wconf 85' lang='lat' dir='ltr'>corpore</span> <span class='ocrx_word' id='word_1_78' title='bbox 531 1649 565 1718; x_wconf 87' lang='lat' dir='ltr'>in</span> <span class='ocrx_word' id='word_1_79' title='bbox 589 1672 650 1745; x_wconf 92' lang='lat' dir='ltr'>pus</span> <span class='ocrx_word' id='word_1_80' title='bbox 674 1646 803 1721; x_wconf 85' lang='lat' dir='ltr'>bunum</span> <span class='ocrx_word' id='word_1_81' title='bbox 826 1650 993 1748; x_wconf 73' lang='lat' dir='ltr'>paullatim</span> <span class='ocrx_word' id='word_1_82' title='bbox 1035 1653 1225 1746; x_wconf 85' lang='lat' dir='ltr'>mutando,</span> 
     </span>
    </p>
   </div>
   <div class='ocr_carea' id='block_1_5' title="bbox 206 1769 1232 3541">
    <p class='ocr_par' dir='ltr' id='par_1_5' title="bbox 206 1769 1232 3541">
     <span class='ocr_line' id='line_1_12' title="bbox 260 1769 1227 1872; baseline 0.005 -30"><span class='ocrx_word' id='word_1_83' title='bbox 260 1769 400 1844; x_wconf 85' lang='lat' dir='ltr'>humore</span> <span class='ocrx_word' id='word_1_84' title='bbox 418 1771 596 1865; x_wconf 74' lang='lat' dir='ltr'>¹caustico,</span> <span class='ocrx_word' id='word_1_85' title='bbox 623 1789 656 1846; x_wconf 88' lang='lat' dir='ltr'>et</span> <span class='ocrx_word' id='word_1_86' title='bbox 679 1774 833 1847; x_wconf 82' lang='lat' dir='ltr'>erodente</span> <span class='ocrx_word' id='word_1_87' title='bbox 856 1771 1020 1872; x_wconf 81' lang='lat' dir='ltr'>pustulam</span> <span class='ocrx_word' id='word_1_88' title='bbox 1046 1772 1227 1872; x_wconf 78' lang='lat' dir='ltr'>impleant.</span> 
     </span>
     <span class='ocr_line' id='line_1_13' title="bbox 264 1891 1231 1992; baseline 0.005 -29"><span class='ocrx_word' id='word_1_89' title='bbox 264 1891 367 1982; x_wconf 90' lang='lat' dir='ltr'>Quod</span> <span class='ocrx_word' id='word_1_90' title='bbox 395 1915 496 1988; x_wconf 81' lang='lat' dir='ltr'>genus</span> <span class='ocrx_word' id='word_1_91' title='bbox 520 1892 722 1990; x_wconf 82' lang='lat' dir='ltr'>pustularum</span> <span class='ocrx_word' id='word_1_92' title='bbox 746 1895 863 1966; x_wconf 87' lang='lat' dir='ltr'>merito</span> <span class='ocrx_word' id='word_1_93' title='bbox 886 1895 1077 1992; x_wconf 85' lang='lat' dir='ltr'>appellatur·</span> <span class='ocrx_word' id='word_1_94' title='bbox 1104 1894 1152 1967; x_wconf 90' lang='lat' dir='ltr'>ab</span> <span class='ocrx_word' id='word_1_95' title='bbox 1175 1897 1231 1968; x_wconf 89' lang='lat' dir='ltr'>hu-</span> 
     </span>
     <span class='ocr_line' id='line_1_14' title="bbox 261 2009 1230 2113; baseline 0.004 -28"><span class='ocrx_word' id='word_1_96' title='bbox 261 2013 363 2085; x_wconf 87' lang='lat' dir='ltr'>moris</span> <span class='ocrx_word' id='word_1_97' title='bbox 377 2009 492 2103; x_wconf 90' lang='lat' dir='ltr'>inclusi</span> <span class='ocrx_word' id='word_1_98' title='bbox 508 2009 725 2109; x_wconf 83' lang='lat' dir='ltr'>pelluciditate</span> <span class='ocrx_word' id='word_1_99' title='bbox 741 2016 987 2113; x_wconf 77' lang='lat' dir='ltr'>crystallinum</span> <span class='ocrx_word' id='word_1_100' title='bbox 1007 2042 1017 2102; x_wconf 88' lang='lat'>;</span> <span class='ocrx_word' id='word_1_101' title='bbox 1036 2017 1230 2089; x_wconf 83' lang='lat' dir='ltr'>auerrimnm</span> 
     </span>
     <span class='ocr_line' id='line_1_15' title="bbox 263 2129 1231 2231; baseline 0.001 -28"><span class='ocrx_word' id='word_1_102' title='bbox 263 2132 414 2203; x_wconf 88' lang='lat' dir='ltr'>omnium</span> <span class='ocrx_word' id='word_1_103' title='bbox 439 2143 473 2202; x_wconf 89' lang='lat' dir='ltr'>et</span> <span class='ocrx_word' id='word_1_104' title='bbox 496 2129 603 2202; x_wconf 88' lang='lat' dir='ltr'>calore</span> <span class='ocrx_word' id='word_1_105' title='bbox 623 2131 773 2202; x_wconf 88' lang='lat' dir='ltr'>carnium</span> <span class='ocrx_word' id='word_1_106' title='bbox 799 2144 944 2223; x_wconf 82' lang='lat' dir='ltr'>urente,</span> <span class='ocrx_word' id='word_1_107' title='bbox 969 2144 1007 2202; x_wconf 76' lang='lat' dir='ltr'>et</span> <span class='ocrx_word' id='word_1_108' title='bbox 1028 2133 1231 2231; x_wconf 80' lang='lat' dir='ltr'>atmusplraa-</span> 
     </span>
     <span class='ocr_line' id='line_1_16' title="bbox 260 2227 1231 2352; baseline 0.001 -28"><span class='ocrx_word' id='word_1_109' title='bbox 260 2279 297 2324; x_wconf 91' lang='lat' dir='ltr'>ra</span> <span class='ocrx_word' id='word_1_110' title='bbox 323 2250 375 2324; x_wconf 86' lang='lat' dir='ltr'>illa</span> <span class='ocrx_word' id='word_1_111' title='bbox 398 2227 487 2337; x_wconf 81' lang='lat' dir='ltr'>acii,</span> <span class='ocrx_word' id='word_1_112' title='bbox 512 2278 613 2352; x_wconf 88' lang='lat' dir='ltr'>quam</span> <span class='ocrx_word' id='word_1_113' title='bbox 637 2252 897 2323; x_wconf 79' lang='lat' dir='ltr'>memoravimus</span> <span class='ocrx_word' id='word_1_114' title='bbox 921 2251 937 2347; x_wconf 93' lang='lat'>(</span> <span class='ocrx_word' id='word_1_115' title='bbox 960 2278 984 2325; x_wconf 89' lang='lat' dir='ltr'>v</span> <span class='ocrx_word' id='word_1_116' title='bbox 1008 2249 1025 2349; x_wconf 92' lang='lat'>)</span> <span class='ocrx_word' id='word_1_117' title='bbox 1045 2277 1055 2324; x_wconf 76' lang='lat' dir='ltr'>t</span> <span class='ocrx_word' id='word_1_118' title='bbox 1079 2252 1231 2325; x_wconf 76' lang='lat' dir='ltr'>&#39;omnium</span> 
     </span>
     <span class='ocr_line' id='line_1_17' title="bbox 265 2366 1232 2443; baseline 0.001 -3"><span class='ocrx_word' id='word_1_119' title='bbox 265 2370 364 2441; x_wconf 88' lang='lat' dir='ltr'>etiam</span> <span class='ocrx_word' id='word_1_120' title='bbox 386 2367 614 2440; x_wconf 83' lang='lat' dir='ltr'>infidissimum</span> <span class='ocrx_word' id='word_1_121' title='bbox 636 2393 646 2439; x_wconf 73' lang='grc' dir='ltr'>ι</span> <span class='ocrx_word' id='word_1_122' title='bbox 672 2394 750 2440; x_wconf 89' lang='lat' dir='ltr'>nam</span> <span class='ocrx_word' id='word_1_123' title='bbox 773 2366 977 2441; x_wconf 78' lang='lat' dir='ltr'>sublacteum</span> <span class='ocrx_word' id='word_1_124' title='bbox 1002 2368 1183 2443; x_wconf 71' lang='lat' dir='ltr'>humorum</span> <span class='ocrx_word' id='word_1_125' title='bbox 1199 2371 1232 2442; x_wconf 90' lang='lat' dir='ltr'>il-</span> 
     </span>
     <span class='ocr_line' id='line_1_18' title="bbox 263 2485 1230 2586; baseline 0.003 -28"><span class='ocrx_word' id='word_1_126' title='bbox 263 2485 312 2558; x_wconf 84' lang='lat' dir='ltr'>lae</span> <span class='ocrx_word' id='word_1_127' title='bbox 327 2486 478 2584; x_wconf 83' lang='lat' dir='ltr'>pustulae</span> <span class='ocrx_word' id='word_1_128' title='bbox 502 2487 692 2578; x_wconf 84' lang='lat' dir='ltr'>continent,</span> <span class='ocrx_word' id='word_1_129' title='bbox 718 2485 776 2584; x_wconf 86' lang='lat' dir='ltr'>qui</span> <span class='ocrx_word' id='word_1_130' title='bbox 800 2509 970 2586; x_wconf 88' lang='lat' dir='ltr'>nunquam</span> <span class='ocrx_word' id='word_1_131' title='bbox 995 2485 1030 2556; x_wconf 90' lang='lat' dir='ltr'>in</span> <span class='ocrx_word' id='word_1_132' title='bbox 1070 2510 1139 2584; x_wconf 87' lang='lat' dir='ltr'>pus</span> <span class='ocrx_word' id='word_1_133' title='bbox 1170 2489 1230 2560; x_wconf 67' lang='lat' dir='ltr'>:bn</span> 
     </span>
     <span class='ocr_line' id='line_1_19' title="bbox 266 2587 1231 2700; baseline -0.001 -22"><span class='ocrx_word' id='word_1_134' title='bbox 266 2630 350 2678; x_wconf 88' lang='lat' dir='ltr'>num</span> <span class='ocrx_word' id='word_1_135' title='bbox 374 2598 593 2676; x_wconf 83' lang='lat' dir='ltr'>commutatur</span> <span class='ocrx_word' id='word_1_136' title='bbox 613 2629 623 2690; x_wconf 91' lang='lat'>;</span> <span class='ocrx_word' id='word_1_137' title='bbox 657 2601 715 2675; x_wconf 89' lang='lat' dir='ltr'>sed</span> <span class='ocrx_word' id='word_1_138' title='bbox 739 2603 878 2700; x_wconf 82' lang='lat' dir='ltr'>ingenita</span> <span class='ocrx_word' id='word_1_139' title='bbox 903 2605 1064 2676; x_wconf 74' lang='lat' dir='ltr'>cannava</span> <span class='ocrx_word' id='word_1_140' title='bbox 1084 2587 1170 2677; x_wconf 88' lang='lat' dir='ltr'>labe</span> <span class='ocrx_word' id='word_1_141' title='bbox 1192 2606 1231 2676; x_wconf 81' lang='lat' dir='ltr'>lu·</span> 
     </span>
     <span class='ocr_line' id='line_1_20' title="bbox 264 2711 1231 2822; baseline -0.004 -23"><span class='ocrx_word' id='word_1_142' title='bbox 264 2711 389 2798; x_wconf 67' lang='lat' dir='ltr'>rocleni</span> <span class='ocrx_word' id='word_1_143' title='bbox 409 2768 425 2817; x_wconf 81' lang='lat'>,·</span> <span class='ocrx_word' id='word_1_144' title='bbox 446 2721 527 2795; x_wconf 85' lang='lat' dir='ltr'>nihil</span> <span class='ocrx_word' id='word_1_145' title='bbox 546 2724 741 2820; x_wconf 82' lang='lat' dir='ltr'>integrum,</span> <span class='ocrx_word' id='word_1_146' title='bbox 769 2748 811 2796; x_wconf 89' lang='lat' dir='ltr'>ne</span> <span class='ocrx_word' id='word_1_147' title='bbox 842 2734 953 2796; x_wconf 87' lang='lat' dir='ltr'>eutem</span> <span class='ocrx_word' id='word_1_148' title='bbox 983 2722 1133 2822; x_wconf 82' lang='lat' dir='ltr'>-quidem</span> <span class='ocrx_word' id='word_1_149' title='bbox 1153 2780 1163 2816; x_wconf 82' lang='lat'>,</span> <span class='ocrx_word' id='word_1_150' title='bbox 1195 2723 1231 2797; x_wconf 85' lang='lat' dir='ltr'>ab</span> 
     </span>
     <span class='ocr_line' id='line_1_21' title="bbox 264 2837 1229 2940; baseline 0 -26"><span class='ocrx_word' id='word_1_151' title='bbox 264 2841 411 2914; x_wconf 82' lang='lat' dir='ltr'>musione</span> <span class='ocrx_word' id='word_1_152' title='bbox 436 2840 577 2913; x_wconf 87' lang='lat' dir='ltr'>dimittit·</span> <span class='ocrx_word' id='word_1_153' title='bbox 605 2841 659 2913; x_wconf 87' lang='lat' dir='ltr'>Ex</span> <span class='ocrx_word' id='word_1_154' title='bbox 682 2866 749 2940; x_wconf 91' lang='lat' dir='ltr'>quo</span> <span class='ocrx_word' id='word_1_155' title='bbox 772 2837 897 2913; x_wconf 91' lang='lat' dir='ltr'>nullum</span> <span class='ocrx_word' id='word_1_156' title='bbox 915 2864 1016 2937; x_wconf 83' lang='lat' dir='ltr'>genus</span> <span class='ocrx_word' id='word_1_157' title='bbox 1037 2842 1229 2915; x_wconf 81' lang='lat' dir='ltr'>variolarmn</span> 
     </span>
     <span class='ocr_line' id='line_1_22' title="bbox 265 2958 1231 3062; baseline -0.003 -27"><span class='ocrx_word' id='word_1_158' title='bbox 265 2962 369 3059; x_wconf 82' lang='lat' dir='ltr'>magis</span> <span class='ocrx_word' id='word_1_159' title='bbox 391 2962 616 3033; x_wconf 82' lang='lat' dir='ltr'>cicatricosam</span> <span class='ocrx_word' id='word_1_160' title='bbox 642 2959 809 3032; x_wconf 86' lang='lat' dir='ltr'>hominem</span> <span class='ocrx_word' id='word_1_161' title='bbox 834 2974 907 3057; x_wconf 89' lang='lat' dir='ltr'>post</span> <span class='ocrx_word' id='word_1_162' title='bbox 922 2985 956 3033; x_wconf 86' lang='lat' dir='ltr'>se</span> <span class='ocrx_word' id='word_1_163' title='bbox 978 2958 1149 3062; x_wconf 79' lang='lat' dir='ltr'>relinquit.</span> <span class='ocrx_word' id='word_1_164' title='bbox 1173 2963 1231 3034; x_wconf 86' lang='lat' dir='ltr'>Fa-</span> 
     </span>
     <span class='ocr_line' id='line_1_23' title="bbox 237 3076 1229 3178; baseline 0.001 -27"><span class='ocrx_word' id='word_1_165' title='bbox 237 3077 337 3151; x_wconf 86' lang='lat' dir='ltr'>·cilis</span> <span class='ocrx_word' id='word_1_166' title='bbox 360 3076 450 3151; x_wconf 87' lang='lat' dir='ltr'>idem</span> <span class='ocrx_word' id='word_1_167' title='bbox 474 3076 558 3149; x_wconf 82' lang='lat' dir='ltr'>latex</span> <span class='ocrx_word' id='word_1_168' title='bbox 582 3076 633 3150; x_wconf 81' lang='lat' dir='ltr'>vel</span> <span class='ocrx_word' id='word_1_169' title='bbox 660 3103 780 3176; x_wconf 85' lang='lat' dir='ltr'>pavore</span> <span class='ocrx_word' id='word_1_170' title='bbox 814 3077 898 3150; x_wconf 86' lang='lat' dir='ltr'>forte</span> <span class='ocrx_word' id='word_1_171' title='bbox 938 3077 1136 3178; x_wconf 86' lang='lat' dir='ltr'>irrepente,</span> <span class='ocrx_word' id='word_1_172' title='bbox 1173 3081 1229 3154; x_wconf 79' lang='lat' dir='ltr'>sul)</span> 
     </span>
     <span class='ocr_line' id='line_1_24' title="bbox 265 3196 1230 3301; baseline -0.002 -29"><span class='ocrx_word' id='word_1_173' title='bbox 265 3224 333 3299; x_wconf 87' lang='lat' dir='ltr'>quo</span> <span class='ocrx_word' id='word_1_174' title='bbox 355 3200 440 3272; x_wconf 86' lang='lat' dir='ltr'>cutis</span> <span class='ocrx_word' id='word_1_175' title='bbox 464 3223 539 3271; x_wconf 87' lang='lat' dir='ltr'>vasa</span> <span class='ocrx_word' id='word_1_176' title='bbox 563 3199 669 3271; x_wconf 86' lang='lat' dir='ltr'>inania</span> <span class='ocrx_word' id='word_1_177' title='bbox 693 3199 807 3291; x_wconf 84' lang='lat' dir='ltr'>fiunt,</span> <span class='ocrx_word' id='word_1_178' title='bbox 834 3211 867 3271; x_wconf 83' lang='lat' dir='ltr'>et</span> <span class='ocrx_word' id='word_1_179' title='bbox 890 3196 1126 3296; x_wconf 77' lang='lat' dir='ltr'>expallescunt,</span> <span class='ocrx_word' id='word_1_180' title='bbox 1139 3216 1230 3301; x_wconf 82' lang='lat' dir='ltr'>atque</span> 
     </span>
     <span class='ocr_line' id='line_1_25' title="bbox 206 3316 1226 3422; baseline 0 -29"><span class='ocrx_word' id='word_1_181' title='bbox 206 3415 208 3421; x_wconf 86' lang='lat'>.</span> <span class='ocrx_word' id='word_1_182' title='bbox 249 3358 251 3361; x_wconf 89' lang='grc'><em>·</em></span> <span class='ocrx_word' id='word_1_183' title='bbox 270 3317 650 3412; x_wconf 70' lang='lat' dir='ltr'>annuuntiabant,</span> <span class='ocrx_word' id='word_1_184' title='bbox 677 3332 710 3391; x_wconf 86' lang='lat' dir='ltr'>et</span> <span class='ocrx_word' id='word_1_185' title='bbox 733 3317 909 3391; x_wconf 87' lang='lat' dir='ltr'>absorbent</span> <span class='ocrx_word' id='word_1_186' title='bbox 933 3316 1094 3393; x_wconf 83' lang='lat' dir='ltr'>immores</span> <span class='ocrx_word' id='word_1_187' title='bbox 1124 3322 1226 3422; x_wconf 70' lang='lat' dir='ltr'>pori·</span> 
     </span>
     <span class='ocr_line' id='line_1_26' title="bbox 268 3437 1229 3541; baseline 0 -29"><span class='ocrx_word' id='word_1_188' title='bbox 268 3462 346 3514; x_wconf 86' lang='lat' dir='ltr'>mos</span> <span class='ocrx_word' id='word_1_189' title='bbox 372 3439 388 3536; x_wconf 93' lang='lat'>(</span> <span class='ocrx_word' id='word_1_190' title='bbox 413 3442 469 3510; x_wconf 84' lang='lat' dir='ltr'>iux</span> <span class='ocrx_word' id='word_1_191' title='bbox 495 3437 538 3536; x_wconf 85' lang='lat'>)‚</span> <span class='ocrx_word' id='word_1_192' title='bbox 565 3437 618 3511; x_wconf 79' lang='lat' dir='ltr'>ael</span> <span class='ocrx_word' id='word_1_193' title='bbox 642 3439 755 3537; x_wconf 89' lang='lat' dir='ltr'>quavis</span> <span class='ocrx_word' id='word_1_194' title='bbox 778 3437 839 3512; x_wconf 88' lang='lat' dir='ltr'>alia</span> <span class='ocrx_word' id='word_1_195' title='bbox 861 3462 996 3533; x_wconf 85' lang='lat' dir='ltr'>caussa,</span> <span class='ocrx_word' id='word_1_196' title='bbox 1016 3466 1119 3541; x_wconf 78' lang='lat' dir='ltr'>quae</span> <span class='ocrx_word' id='word_1_197' title='bbox 1139 3457 1229 3514; x_wconf 82' lang='lat' dir='ltr'>-tran-</span> 
     </span>
    </p>
   </div>
   <div class='ocr_carea' id='block_1_6' title="bbox 136 3557 1229 3660">
    <p class='ocr_par' dir='ltr' id='par_1_6' title="bbox 136 3557 1229 3660">
     <span class='ocr_line' id='line_1_27' title="bbox 136 3557 1229 3660; baseline -0.003 -25"><span class='ocrx_word' id='word_1_198' title='bbox 136 3639 140 3646; x_wconf 69' lang='grc'><em>,</em></span> <span class='ocrx_word' id='word_1_199' title='bbox 268 3562 368 3660; x_wconf 79' lang='lat' dir='ltr'>n‘tum</span> <span class='ocrx_word' id='word_1_200' title='bbox 391 3559 555 3656; x_wconf 73' lang='lat' dir='ltr'>sauguinis</span> <span class='ocrx_word' id='word_1_201' title='bbox 579 3557 621 3630; x_wconf 90' lang='lat' dir='ltr'>ad</span> <span class='ocrx_word' id='word_1_202' title='bbox 645 3571 754 3631; x_wconf 86' lang='lat' dir='ltr'>cutem</span> <span class='ocrx_word' id='word_1_203' title='bbox 787 3559 972 3657; x_wconf 86' lang='lat' dir='ltr'>impediat,</span> <span class='ocrx_word' id='word_1_204' title='bbox 999 3562 1035 3632; x_wconf 82' lang='lat' dir='ltr'>e&#39;t&#39;</span> <span class='ocrx_word' id='word_1_205' title='bbox 1053 3585 1158 3634; x_wconf 81' lang='lat' dir='ltr'>¹venas</span> <span class='ocrx_word' id='word_1_206' title='bbox 1179 3586 1229 3633; x_wconf 85' lang='lat' dir='ltr'>cu·</span> 
     </span>
    </p>
   </div>
   <div class='ocr_carea' id='block_1_7' title="bbox 268 3674 1230 3775">
    <p class='ocr_par' dir='ltr' id='par_1_7' title="bbox 268 3674 1230 3775">
     <span class='ocr_line' id='line_1_28' title="bbox 268 3674 1230 3775; baseline -0.003 -22"><span class='ocrx_word' id='word_1_207' title='bbox 268 3675 512 3753; x_wconf 81' lang='lat' dir='ltr'>teneas-feriare</span> <span class='ocrx_word' id='word_1_208' title='bbox 536 3686 633 3773; x_wconf 82' lang='lat' dir='ltr'>cogat</span> <span class='ocrx_word' id='word_1_209' title='bbox 657 3674 852 3748; x_wconf 72' lang='lat' dir='ltr'>ali“a&#39;rteriis</span> <span class='ocrx_word' id='word_1_210' title='bbox 885 3679 1090 3775; x_wconf 82' lang='lat' dir='ltr'>vacuandis,</span> <span class='ocrx_word' id='word_1_211' title='bbox 1117 3695 1150 3752; x_wconf 84' lang='lat' dir='ltr'>et</span> <span class='ocrx_word' id='word_1_212' title='bbox 1184 3704 1230 3751; x_wconf 90' lang='lat' dir='ltr'>su·</span> 
     </span>
    </p>
   </div>
   <div class='ocr_carea' id='block_1_8' title="bbox 268 3781 1231 4016">
    <p class='ocr_par' dir='ltr' id='par_1_8' title="bbox 268 3781 1231 4021">
     <span class='ocr_line' id='line_1_29' title="bbox 270 3781 1225 3905; baseline -0.005 -36"><span class='ocrx_word' id='word_1_213' title='bbox 270 3795 368 3869; x_wconf 90' lang='lat' dir='ltr'>ctioni</span> <span class='ocrx_word' id='word_1_214' title='bbox 393 3781 511 3867; x_wconf 84' lang='lat' dir='ltr'>liberas</span> <span class='ocrx_word' id='word_1_215' title='bbox 534 3784 723 3891; x_wconf 76' lang='lat' dir='ltr'>relinquat,¹</span> <span class='ocrx_word' id='word_1_216' title='bbox 747 3794 781 3864; x_wconf 75' lang='lat' dir='ltr'>in·</span> <span class='ocrx_word' id='word_1_217' title='bbox 821 3796 1008 3890; x_wconf 80' lang='lat' dir='ltr'>sanguinem</span> <span class='ocrx_word' id='word_1_218' title='bbox 1050 3799 1225 3905; x_wconf 66' lang='lat' dir='ltr'>remeare.</span> 
     </span>
     <span class='ocr_line' id='line_1_30' title="bbox 268 3911 1231 4016; baseline -0.005 -22"><span class='ocrx_word' id='word_1_219' title='bbox 268 3915 479 4016; x_wconf 85' lang='lat' dir='ltr'>Maximeque</span> <span class='ocrx_word' id='word_1_220' title='bbox 503 3911 535 3988; x_wconf 88' lang='lat' dir='ltr'>id</span> <span class='ocrx_word' id='word_1_221' title='bbox 561 3911 681 4016; x_wconf 79' lang='lat' dir='ltr'>patitur</span> <span class='ocrx_word' id='word_1_222' title='bbox 696 3912 814 3990; x_wconf 82' lang='lat' dir='ltr'>fluxilis</span> <span class='ocrx_word' id='word_1_223' title='bbox 831 3913 951 3990; x_wconf 81' lang='lat' dir='ltr'>humor</span> <span class='ocrx_word' id='word_1_224' title='bbox 966 3958 983 4010; x_wconf 49' lang='lat'>,1</span> <span class='ocrx_word' id='word_1_225' title='bbox 994 3927 1030 3988; x_wconf 83' lang='lat' dir='ltr'>et</span> <span class='ocrx_word' id='word_1_226' title='bbox 1046 3913 1231 4009; x_wconf 64' lang='lat' dir='ltr'>nullu-coir</span> 
     </span>
    </p>
   </div>
   <div class='ocr_carea' id='block_1_9' title="bbox 0 0 1283 4710">
    <p class='ocr_par' dir='ltr' id='par_1_9' title="bbox 0 0 1283 4710">
     <span class='ocr_line' id='line_1_31' title="bbox 0 0 1283 4710; baseline 0 0"><span class='ocrx_word' id='word_1_227' title='bbox 0 0 1283 4710; x_wconf 95' lang='lat' dir='ltr'> </span> 
     </span>
    </p>
   </div>
  </div>
 </body>
</html>
