2544 4710
468 363 470 366 ’
584 407 715 510 (ια)

56 654 62 663 ,
142 607 188 656 ιι
211 579 421 668 decurrunt,
447 571 654 670 comptum
686 570 762 644 vivo
787 571 822 642 in
860 569 995 646 homine
1026 567 1121 644 veiint

152 715 249 804 atque
273 720 499 796 compressas.
528 695 629 786 Quod
654 695 754 792 igitur
776 692 920 791 spatium
942 692 1031 767 cim
1058 692 1124 806 qii-

147 819 259 892 nalem
284 813 463 890 medullam
488 815 681 907 invenitur,
706 810 887 886 secundum
909 787 1068 910 tantumn
1088 803 1120 884 et

153 953 231 1032 est,
257 950 290 1009 et
312 963 395 1037 aqua
420 951 468 1010 est
491 933 653 1034 plenum,
679 934 771 1007 etin
788 931 953 1009 cadavere
969 931 1019 1005 nil
1041 958 1123 1033 pene

153 1057 254 1136 habet
282 1055 448 1130 diversum
471 1056 517 1128 ab
540 1083 608 1149 eo,
635 1054 724 1156 quod
756 1055 791 1126 in
819 1050 954 1126 homine
990 1049 1124 1127 obtinet

151 1176 311 1252 vivente.
340 1176 466 1275 Estque
493 1173 633 1247 omnino
660 1172 806 1246 Naturae
829 1172 962 1245 sancita
983 1168 1065 1264 bx,
1088 1183 1123 1245 ut

150 1297 331 1396 Nuspicim
356 1323 506 1371 vacnum
531 1301 568 1370 in
605 1299 841 1398 anintantinm
864 1297 910 1365 sit
941 1318 1121 1392 corpore,

149 1420 285 1517 inquo
311 1417 483 1516 quidquid
504 1416 613 1489 libere
636 1418 797 1488 anterior
821 1411 907 1508 αέι,
934 1415 1123 1566 aebdnmw

148 1561 221 1609 non
246 1540 385 1636 replet,
411 1537 555 1636 impleat
580 1535 749 1608 humor

247 1652 418 1728 xlm
380 1657 506 1732 Mirvm
531 1667 646 1729 autem
667 1653 815 1726 videaur
840 1653 937 1729 Viros
963 1653 1122 1750 flitmum,

148 1776 207 1875 qui
230 1801 385 1874 vaporem
409 1802 585 1850 cavearum
600 1776 742 1874 corporis
756 1775 895 1848 humani
915 1801 1035 1875 magna
1049 1788 1123 1851 mut

148 1893 317 1992 diligentia
341 1896 532 1993 prosecuti,
559 1893 644 1967 hanc
680 1894 789 1990 spinae
813 1893 976 1992 insignem
1005 1893 1118 1987 adeo,

147 2028 180 2085 et
204 2009 272 2087 fere
296 2017 478 2113 pn'ncipem
502 2039 635 2088 caveam
659 2014 785 2112 mpon's
809 2011 946 2087 divitem
968 2013 1122 2110 praetera

153 2135 269 2206 visse.
297 2133 409 2222 Quem
434 2134 545 2231 spinae
567 2126 722 2231 vaporem
741 2135 830 2239 ,juti
843 2148 876 2208 et
900 2136 960 2235 qui·
974 2133 1120 2241 seliquas

154 2279 270 2325 omnes
296 2253 446 2326 humidat
470 2257 619 2354 corporis
643 2280 783 2350 caveas,
810 2255 861 2327 ab
878 2257 1129 2336 ementem·

106 2395 114 2407 '
148 2362 313 2446 nimnmm
336 2377 529 2448 arteriarum
559 2387 742 2448 constanter
771 2376 959 2470 exsudare,
997 2404 1036 2451 ac
1058 2400 1118 2476 pta·

146 2520 248 2592 venas
271 2497 425 2569 minimas
451 2495 628 2569 inhalantes
653 2497 760 2571 denuo
789 2497 981 2592 resorbeai,
1008 2501 1120 2598 itaque

150 2617 185 2686 in
210 2592 345 2712 perenni
370 2629 455 2687 statu
479 2617 696 2693 renovationis
720 2642 808 2709 esse,
827 2632 916 2689 extra
940 2645 1041 2692 omne
1052 2619 1114 2692 du-

144 2735 240 2808 bium
266 2737 414 2834 positum
438 2735 591 2810 videtur:
618 2737 715 2810 nohis
722 2742 912 2835 praesertim
931 2793 941 2832 ,
969 2742 1029 2841 qui
1042 2740 1117 2815 atius

149 2856 309 2926 evicimus
333 2857 553 2953 experimento
578 2857 665 2957 (n),
693 2883 769 2934 vere
793 2848 959 2959 quaedam
982 2860 1115 2934 venula-

140 3001 217 3048 rum
241 2973 342 3050 durae
367 2981 481 3054 matris
507 2977 681 3052 inhalantia
718 2979 828 3053 oscula
851 2983 886 3053 in
910 2983 980 3080 ejus
1016 2985 1115 3057 inten-

141 3123 185 3172 na
207 3102 289 3174 facie
315 3104 463 3200 aperiri:
497 3130 562 3202 qua
594 3102 636 3173 de
661 3127 697 3172 re
720 3100 932 3176 haesitaverat
961 3102 1042 3178 olim
1066 3103 1111 3175 Ii·
1137 3190 1139 3192 =

139 3216 249 3293 lustris
274 3223 488 3296 Bonnnnnvn
512 3248 614 3321 nepos
640 3223 845 3295 Anmmnvs
869 3223 1022 3300 Kmvtvs
1037 3225 1105 3326 (o).

142 3339 263 3412 Nullus
289 3355 432 3415 attamen
457 3340 603 3427 dubit0;
632 3341 724 3438 quod
748 3345 933 3441 nuperrime
969 3343 1111 3419 accindi·

563 3560 700 3582 ta·—

139 3682 192 3770 (n)
210 3679 259 3747 De
273 3682 530 3774 Aquaeductibus
544 3714 596 3755 au·
643 3695 696 3781 (0)
720 3693 913 3789 Perspiratio
936 3703 1020 3772 dicta
1033 3709 1109 3778 Hm·

183 3793 228 3858 ris
238 3793 395 3863 hnmanae
411 3799 555 3870 internae
566 3805 597 3888 §
689 3832 819 3875 noenum
844 3813 872 3896 §
892 3813 958 3882 611.
986 3820 1105 3911 pagina

183 3902 345 3972 nnxvn·
466 3963 474 3989 ,
698 3943 741 3986 m.
770 3921 845 4012 273.
