2544 4710
135 502 140 508 .
555 409 587 517 lx
605 416 671 491 ¹⁰5
692 412 710 514 )

142 577 193 652 dis
216 573 480 673 mumadam,
508 578 557 651 uti
581 600 692 679 reapse
714 594 834 672 erant,
874 577 1112 683 opportunissi-

145 725 202 786 ma
224 697 408 802 (mmrr):
435 699 578 776 domum
602 715 713 798 tamen
737 701 939 800 ignoratione
963 704 1111 797 rorum,
1231 788 1238 802 ,

141 821 262 918 speciei
285 819 406 896 acitoet
430 820 613 915 ischiadis,
639 822 765 922 inqua
790 823 887 895 unice
901 819 1012 896 tulere
1035 844 1114 921 pos-

139 951 242 1033 sent,
268 950 303 1013 ct
325 939 390 1015 loci
413 943 448 1014 in
484 941 634 1039 primis,
664 939 706 1012 ad
730 966 832 1040 quem
870 938 1031 1014 deberent
1057 962 1116 1036 ap-

110 1079 115 1089 ’
142 1057 286 1159 ΡΜ)
311 1086 414 1157 '⁸¹⁰2
442 1072 476 1135 ⁰²
500 1087 578 1135 ⁰⁸⁵ss
602 1061 737 1161 potius,
763 1085 865 1162 quam
890 1060 1027 1135 consilio
1051 1062 1117 1134 uti-
1229 1054 1232 1065 '

142 1176 186 1252 lin
201 1181 342 1254 inventa
364 1192 469 1254 arnt.
497 1179 617 1282 Neque
642 1179 732 1253 euim
748 1179 855 1253 cuivis
877 1175 1016 1253 ischiadi
1032 1204 1113 1277 opes

145 1311 255 1400 potest
291 1298 402 1371 afferri
425 1324 485 1397 par
518 1301 689 1388 caustica;
725 1323 805 1372 nam
828 1322 914 1399 quae
951 1297 1119 1375 arthritica
1153 1327 1158 1336 ·
1192 1367 1194 1372 ,

144 1430 222 1513 est,
248 1420 475 1493 caustirorum
497 1443 595 1519 saepe
620 1422 771 1495 omnium
795 1419 876 1494 solet
894 1445 1030 1520 operam
1046 1419 1117 1494 elu-

143 1535 250 1612 dere.
273 1536 356 1610 Vidi
379 1565 439 1638 per
462 1563 520 1612 sex
543 1534 628 1638 pene
653 1565 779 1612 meuses
803 1539 954 1615 dolorem
977 1540 1042 1612 alte
1067 1542 1118 1614 in·

140 1658 247 1732 lixum
269 1656 380 1759 paullo
392 1659 554 1758 posterius
577 1660 711 1734 femoris
726 1687 803 1735 cum
820 1687 901 1736 coxa
915 1659 1119 1767 connexum,

140 1805 242 1881 quem
267 1805 379 1880 neque
400 1793 450 1854 ter
481 1781 617 1879 repetita
656 1779 827 1854 vesioautis
850 1783 972 1876 actio,
1012 1808 1120 1882 neque

141 1901 195 1975 bis
217 1899 365 1974 adhibita
389 1901 478 1974 ustio
502 1913 759 2000 percuraverat:
799 1903 911 2000 erupit
943 1916 1122 2000 postremo,
1253 2007 1254 2011 Ἰ

143 2019 318 2096 marus
341 2021 406 2093 alte
437 2021 554 2094 intimo
584 2019 752 2120 subjectus
780 2018 890 2118 gluteo
930 2022 1115 2118 musculo,

144 2162 247 2239 quem
289 2141 390 2214 sectio
419 2139 586 2239 profunda
611 2131 829 2216 manifestavit
855 2193 866 2217 .
893 2141 934 2215 In
972 2140 1120 2219 ischiada

142 2273 288 2335 attamen
312 2286 479 2355 nervosa,
506 2287 591 2364 quae
614 2263 834 2338 causticorum
869 2290 968 2362 opera
1004 2263 1122 2338 mirili-

142 2405 185 2453 ce
206 2377 562 2482 percuratur(n11),
588 2381 650 2453 nisi
674 2379 765 2455 loeis
780 2394 934 2480 aptentur
957 2397 1118 2481 opportu-
1236 2445 1244 2458 .

142 2498 222 2595 nis,
247 2498 378 2572 inutilia
401 2526 533 2601 quoqne
557 2500 697 2575 caustica
720 2512 823 2574 sunt.
851 2499 963 2592 Quam
988 2503 1023 2575 in
1048 2528 1122 2576 rem

140 2617 333 2719 prmbyteri
354 2623 528 2695 annorum
543 2621 645 2694 trium
683 2630 716 2694 et
752 2620 883 2718 triginta
921 2619 1122 2717 singularem

143 2737 322 2814 historiam
346 2738 509 2814 enarrabo
528 2794 538 2814 .
566 2739 649 2814 Erat
664 2739 829 2819 cholerica
851 2742 1025 2841 temperie,
1042 2739 1121 2815 ulls

146 2880 215 2934 non
236 2884 373 2958 parcens
397 2861 512 2961 quavis
536 2852 726 2959 tempestate
748 2859 950 2952 laboribus,
977 2882 1045 2960 quo
1061 2854 1120 2931 vess
1241 2919 1243 2923 ,

144 2993 265 3056 natum
289 2981 351 3054 iret
371 3022 380 3054 .-
408 2981 563 3082 Cumque
587 2981 745 3054 ianuario
782 3005 895 3053 meuse
917 3007 977 3078 por
1006 2965 1123 3067 nivern

107 3175 110 3182 Δ
144 3096 335 3181 altissimam
359 3099 547 3199 confragosa
568 3096 828 3202 quaedamloca
856 3113 990 3195 venatus
1027 3126 1123 3173 caus·

148 3241 183 3290 sa
207 3232 425 3317 peragraret,
454 3218 568 3293 dolore
591 3216 805 3319 prehenditur
835 3218 975 3294 immani
1013 3216 1122 3291 dextri

146 3339 331 3415 coxendicis
355 3340 398 3416 ad
434 3341 555 3441 pedem
594 3365 697 3442 nsque
720 3338 973 3440 protendente:
1001 3341 1048 3414 sic
1083 3352 1124 3425 ut
1261 3338 1265 3351 ‘

147 3457 288 3535 domum
310 3461 367 3534 rix
404 3461 536 3569 redire,
564 3487 664 3563 seque
689 3458 780 3548 ,lecto
811 3461 1019 3535 committere
1059 3487 1123 3558 po-

148 3582 248 3655 tuerit
271 3580 400 3673 ‚Nihil
424 3581 515 3656 dorni
540 3584 610 3658 sive
633 3583 858 3658 fomentorum
876 3638 887 3676 ,
905 3585 974 3657 sive
998 3582 1121 3680 ungui·
1205 3637 1208 3642 .

150 3724 261 3797 anm,
289 3703 322 3775 in
347 3715 435 3803 quac
457 3686 539 3776 'solet
563 3701 740 3778 mulierum
756 3699 916 3778 industria
932 3727 1002 3777 esse
1024 3726 1120 3800 prae·
1194 3734 1198 3747 ·

149 3847 239 3922 ceps,
264 3825 382 3924 primis
406 3823 524 3900 diebus
543 3881 553 3917 ,
573 3838 750 3926 antequam
775 3823 927 3899 Medicus
947 3848 1124 3899 arcessere-

148 3955 224 4042 tur,
251 3945 419 4042 parcitum
446 3943 476 4021 d
504 3957 580 4020 est.
608 3943 778 4030 Incusum
804 3945 916 4026 orama
940 3999 950 4042 ,
978 3943 1124 4020 saevien·
1211 4005 1214 4012 .
