2544 4710
583 389 602 492 (
627 387 715 494 29)

153 551 318 651 sectisque
341 548 570 648 tegumentis,
594 562 694 652 atque
727 548 856 628 eseban
886 549 1046 646 nudatis,
1073 550 1136 640 bo·

147 669 301 744 mmutali
324 671 465 749 sectione
487 693 599 745 osaeru
621 669 781 748 ealvuriae
804 672 912 747 l'ornix
936 673 1126 775 separemss

147 791 193 864 In
215 790 269 864 his
291 805 417 870 autem·
431 793 532 866 initiis
544 793 884 870 maximeeavendum
897 808 947 870 est
961 821 1030 890 ,ne
1045 794 1134 874 dum

144 911 308 987 scinditur
329 939 395 1008 os,
420 926 478 988 aut
501 940 521 986 a
545 910 647 988 durae
671 915 788 988 matris
813 941 903 990 nexu
926 916 1127 1016 sejungitur,

147 1032 329 1130 patoretur
354 1031 477 1108 alicubi
504 1031 591 1106 dura
615 1045 751 1107 mater.
780 1031 876 1124 Quae
901 1087 913 1126 ‚
939 1034 969 1107 si
998 1035 1126 1134 integra

144 1165 275 1228 sunau
297 1153 364 1247 sit,
382 1179 454 1227 osse
466 1151 611 1247 nudata,
629 1151 832 1254 ubicumque
843 1152 1027 1249 incidatur,
1046 1156 1132 1232 dum

145 1275 257 1368 sena,
284 1272 431 1361 tabidive
469 1276 566 1348 fuerit
590 1272 755 1369 cadaver,
781 1301 904 1375 aquam
942 1275 1122 1350 effundetz

146 1397 195 1466 sia
220 1396 331 1469 minus
351 1452 361 1488 ‚
389 1394 525 1470 cerebro
550 1393 715 1470 videbitur
732 1410 844 1471 exacte
861 1392 1011 1495 repleta.
1027 1397 1127 1471 Dura

144 1537 257 1596 autem
280 1521 420 1595 subinde
446 1522 607 1615 dissecta,
635 1519 808 1594 cerebrum
833 1520 1003 1594 nudetur:
1033 1533 1123 1601 tum-

144 1666 215 1740 que
237 1638 301 1714 sub
337 1638 557 1714 arachnoidea
598 1666 701 1739 quam
733 1636 841 1732 nullae
864 1641 954 1736 piam
980 1695 992 1735 ,
1017 1634 1124 1740 quan·

142 1764 267 1836 tumvis
291 1763 472 1851 minimae,
500 1760 585 1834 aeris
609 1757 753 1832 bullulae
768 1776 939 1834 occurrant
964 1759 1126 1861 (11)ap·

147 1883 302 1981 parebit.
330 1881 437 1956 Lobis
462 1862 579 1954 deinde
603 1879 729 1954 cerebri
752 1881 971 1955 anterioribus
987 1893 1125 1980 suspen-

149 2029 182 2076 sa
206 2031 311 2078 manu
346 2003 504 2096 elevatis,
542 2016 680 2101 utraque
705 1999 880 2074 ethmoidis
905 2001 1050 2076 cribrosa
1073 2028 1125 2074 se-

145 2119 204 2192 des
227 2134 351 2194 scatere
375 2146 459 2220 aqua
484 2115 740 2193 observabitur:
776 2116 970 2220 cerebrique
1001 2118 1122 2218 reliqui

146 2240 326 2314 elevatione
351 2239 541 2338 apparebit,
567 2235 631 2311 sub
648 2263 825 2314 nervorum
840 2242 1029 2338 optieorum
1045 2265 1126 2314 con-

142 2360 363 2454 junctionem,
377 2359 486 2459 adque
499 2359 598 2432 latera
615 2356 1008 2457 protuberantiaeovalis,
1027 2347 1125 2458 quid·
1201 2441 1203 2449 Α

143 2476 225 2577 quid
251 2478 286 2548 ia
310 2477 470 2572 capitibus
495 2505 514 2550 a
539 2476 622 2552 eollo
646 2480 801 2576 sejunctis
826 2480 925 2552 vacui
959 2477 1045 2550 solet
1070 2480 1123 2551 in·

144 2601 275 2692 veniri,
303 2624 388 2698 aqua
408 2597 547 2697 plenum
572 2624 669 2670 esse.
699 2599 794 2688 Quae
817 2598 953 2698 quidem
977 2620 1062 2698 aqua
1085 2613 1120 2672 et

138 2722 255 2794 'sinum
281 2719 387 2818 quinti
410 2718 733 2815 parisvaginalem,
766 2733 799 2791 et
823 2733 969 2793 meatum
999 2721 1125 2794 acusti-

146 2868 226 2947 pum
248 2833 358 2912 totum
383 2835 524 2935 implet.
552 2839 649 2911 Circa
659 2838 836 2912 caudicem
861 2865 940 2914 vero
964 2838 1122 2938 oblonga-

143 2976 197 3034 tae
224 2958 385 3034 medullae
410 2959 521 3032 omnis
558 2957 763 3055 intercapedo
800 2986 884 3056 aqua
910 2960 1121 3056 completur:

143 3097 177 3153 et
201 3081 258 3173 si,
286 3079 418 3155 caudice
443 3078 607 3170 discisso,
635 3076 837 3170 cerebrum,
865 3090 897 3148 et
922 3077 1123 3155 cerebellum

141 3199 332 3273 extrahatur
359 3255 369 3291 ,
397 3199 601 3298 erigaturque
632 3208 721 3269 totus
745 3193 912 3269 cadaveris
941 3208 1111 3288 ¹truncus,

141 3318 245 3391 tubus
269 3317 370 3391 durae
394 3317 526 3407 matris,
553 3340 621 3413 quo
645 3313 777 3411 spinalis
801 3313 947 3389 medulla
972 3318 1121 3390 contine

140 3451 217 3530 tur,
245 3463 330 3536 aqua
355 3434 533 3508 medullam
556 3459 691 3506 omnem
708 3433 982 3533 circumcnrgeate
996 3436 1118 3534 plenus

139 3574 254 3635 exacte
280 3557 509 3634 observabitur
540 3613 549 3628 .
579 3553 711 3645 Quibus
736 3558 804 3652 jam
829 3558 993 3653 peractis,
1023 3563 1049 3633 si
1073 3559 1118 3632 ab

138 3680 271 3781 aliquot
293 3678 483 3752 lumborum
508 3674 666 3749 vertebris
681 3675 778 3747 latera
794 3690 957 3772 praesecto
980 3678 1113 3770 fuerint,

139 3816 239 3900 atque
264 3799 396 3871 inferior
419 3815 494 3896 pars
518 3797 594 3870 tubi
617 3796 717 3870 durae
742 3799 881 3891 mauis,
909 3800 1048 3874 caudam
1080 3825 1115 3870 e-
1215 3817 1218 3824 '

138 3925 277 4023 quinam
303 3920 543 4021 complectentis
559 3977 570 4018 ,
589 3924 656 4019 jam
669 3920 819 4016 detecta,
847 3921 1005 3995 incidatur
1022 3985 1033 4024 ‚
1049 3921 1114 3994 hu·
