2544 4710
674 406 694 508 (
718 412 791 488 332
816 410 834 510 )

254 561 422 664 plethorae
445 565 608 660 effertus,
634 565 862 669 rator-mattos
880 621 891 659 ,
911 562 1013 638 lehris
1028 569 1233 657 concitatior,

255 681 517 780 capit'ndolor,
544 686 794 783 etopprcssio,
821 689 953 784 eruptio
988 684 1232 778 dffiufisfli-

255 786 1232 906 giliuedehentnrgere.Qnaesidesint‚solaprlsus

254 919 455 1018 plenitudo,
481 945 549 995 non
573 947 648 994 raro
671 923 768 996 fallax
791 923 962 1024 pletlmroe
984 925 1177 1019 indicium,
1202 941 1232 998 et

255 1042 401 1113 mxime
434 1044 469 1114 in
509 1039 679 1116 variolods
704 1091 715 1123 2
750 1042 797 1115 ob
833 1041 972 1115 laxitatis
1010 1042 1235 1123 ctmoerem

232 1159 272 1259 (
285 1163 437 1261 mv),
475 1163 645 1245 infidum,
671 1161 933 1261 phlebotomiam
972 1191 1057 1236 non-
1077 1164 1227 1237 indimt.

253 1276 320 1350 Sed
344 1279 445 1354 calori
468 1283 599 1370 nimio,
626 1296 659 1354 et
682 1282 767 1354 febri
791 1283 946 1375 acriori,
989 1284 1229 1356 occurrendum

253 1398 363 1494 potius
386 1411 435 1470 est
459 1399 634 1492 suhocidis,
650 1413 684 1472 et
697 1399 967 1499 refrigerantibus
989 1428 1138 1499 quorum
1152 1400 1224 1494 alia,

254 1529 354 1617 atque
377 1517 439 1590 alia
459 1574 469 1613 ,
502 1544 569 1618 pro
593 1522 748 1595 varietate
763 1547 920 1612 caseum,
936 1519 1126 1592 adhibenda
1141 1536 1227 1593 snut.

258 1637 349 1710 Nam
373 1638 525 1739 frequens
552 1643 614 1712 seri
638 1640 730 1714 lactis
755 1642 869 1712 asinini
893 1640 1079 1712 dilutissimi
1104 1655 1223 1740 potus,

261 1771 295 1829 et
319 1759 499 1833 commode
522 1761 690 1859 frigidus,
728 1761 883 1865 adjuncto
907 1760 1049 1833 subinde
1074 1761 1220 1833 nonnilo'l

255 1876 473 1977 oxymelitis,
500 1893 533 1951 et
557 1893 660 1973 ante,
686 1894 720 1951 et
743 1894 816 1978 post
840 1880 1043 1977 emptionem
1070 1879 1228 1952 tenendus

259 2011 336 2085 ert3
363 1999 508 2070 maxime
532 2025 610 2070 cum
634 1997 786 2096 putridae
809 1996 941 2088 febris,
975 2010 1033 2068 aut
1057 1999 1217 2070 viscerum

257 2118 526 2191 inflammationis
542 2117 659 2218 ahquis
682 2132 791 2190 metus
815 2131 878 2190 est.
906 2118 1122 2216 Quamquam
1138 2144 1220 2215 oxy-

255 2234 376 2308 melitis
399 2261 477 2309 usus
502 2236 724 2334 suscipiendus
748 2263 814 2309 non
836 2249 909 2328 ert,
936 2236 997 2306 nisi
1022 2249 1119 2308 antea
1143 2263 1219 2308 oon·

255 2356 443 2450 vulsiones,
462 2371 495 2428 et
520 2361 659 2429 tormina
683 2357 943 2458 conquieverint:
971 2383 1050 2428 nam
1074 2371 1217 2446 acetum,

256 2477 372 2577 quovis
395 2477 500 2551 modo
525 2490 774 2576 temperatum,
800 2477 984 2570 convulsis,
1001 2492 1061 2548 aut
1085 2478 1130 2549 ad
1145 2505 1222 2551 con·

256 2597 442 2672 vulsionem
465 2599 579 2696 pronis
596 2656 607 2692 ,
624 2599 693 2674 ridi
716 2623 846 2696 semper
870 2599 1057 2670 inimicum.
1086 2598 1149 2670 His
1164 2600 1221 2671 mi·

255 2715 416 2789 neralium
440 2717 611 2791 acidorum
631 2743 746 2818 ,quae
773 2715 923 2789 nonnihil
948 2715 1074 2790 hahent
1099 2718 1222 2817 anody-

33 2863 36 2870 Δ
117 2898 121 2903 .
256 2835 321 2929 ni,
361 2835 468 2933 potior
492 2848 542 2907 est
564 2863 655 2908 usus.
684 2835 824 2909 Guttula
847 2838 916 2911 sive
946 2837 1079 2933 spiritus
1103 2837 1219 2912 vitrioli

154 3022 159 3036 ,
259 2953 362 3028 dulcis
378 3009 389 3047 ,
404 2954 472 3027 sive
495 2955 625 3053 spiritns
650 2953 813 3052 sulphuris
835 2979 894 3052 per
917 2978 1114 3051 campanam
1140 2954 1224 3038 elici-

258 3075 316 3165 ti,
342 3071 501 3146 suhindae
525 3099 627 3174 aquae
651 3072 773 3173 cyatho
797 3071 977 3164 instillata,
1016 3088 1054 3146 et
1079 3074 1224 3146 febrilem

255 3190 397 3264 calorem
422 3191 549 3288 egregie
573 3202 758 3289 temperat,
785 3203 819 3262 et
846 3189 1054 3289 putredinem
1081 3203 1219 3266 coercet.

259 3310 356 3400 Quae
379 3309 415 3380 in
438 3308 531 3382 febre
562 3310 604 3382 ad
629 3311 872 3409 corruptionem
898 3309 980 3382 adeo
1002 3287 1146 3406 prona,
1179 3312 1222 3382 uti

257 3429 420 3508 variolosa
444 3442 522 3520 est,
541 3445 575 3503 et
599 3429 706 3503 calore
729 3455 824 3527 saepe
849 3430 951 3504 nimio
983 3433 1149 3528 eruptioni
1172 3458 1222 3503 no

261 3550 315 3624 xia
338 3551 414 3649 (nv
431 3550 474 3650 ),
495 3550 670 3625 commode
687 3549 897 3625 adhibentur.
917 3550 1110 3623 Commoda
1134 3566 1216 3643 sunt,

256 3671 386 3768 etiam,
412 3673 587 3771 eruptione
610 3672 767 3770 perfecta,
793 3698 871 3746 cum
894 3669 1027 3768 putrida
1053 3670 1155 3743 febris
1169 3698 1218 3743 va·

255 3791 344 3865 riolis
368 3794 588 3894 supervenit:
617 3795 712 3892 eujus
736 3792 935 3867 characteres
958 3790 1072 3863 fallere
1097 3818 1164 3863 non
1178 3816 1221 3861 so

253 3909 348 3999 lent;
377 3937 454 3988 narn
478 3924 521 3986 et'
535 3911 655 3988 virium
679 3912 785 4013 major
807 3911 847 3984 in·
881 3909 949 3983 dies
971 3906 1218 4010 prostratio-lt,
