2544 4710
586 423 738 523 (¹⁰6)

130 671 131 674 Ἴ
172 583 207 648 te
232 577 266 649 in
290 573 358 649 dies
382 578 545 655 cruciati.
574 579 725 654 Medicus
749 580 1143 657 arcessitusischiadicam

171 710 292 766 venam
316 695 430 792 aperiri
463 694 558 793 jubet
588 752 598 791 ‚
626 723 664 770 ac
701 696 769 770 sedi
800 696 935 771 dolenti'
958 697 1138 774 humanum

88 804 94 811 ’
167 813 425 910 pinguitudinem
435 816 575 889 affricari
595 868 605 888 .
635 813 718 891 ¹Non
742 818 850 888 minus
861 818 949 892 irrita
973 820 1056 896 haec
1075 848 1085 893 ι
1106 835 1143 895 ut

165 931 248 1006 adeo
264 936 392 1032 sanguis
406 935 527 1024 denum
543 939 702 1037 tertioque
717 937 815 1029 mitti,
830 949 862 1008 et
887 936 1144 1033 δραστικώτατον

33 1038 35 1043 ’
78 1049 80 1054 ’
165 1051 246 1127 illud
270 1055 442 1130 decoctum
466 1080 507 1130 ex
531 1054 672 1156 bryonia
695 1083 753 1154 per
786 1055 943 1156 clysteres
967 1053 1058 1152 injici
1085 1053 1141 1127 de·

161 1171 299 1247 buerit.
330 1173 490 1269 Quibus,
517 1201 583 1250 uon
606 1173 671 1250 levi
695 1176 860 1273 sanguinis
874 1175 978 1271 copia⁴
992 1172 1136 1269 dejecta,

64 1290 72 1299 ’
160 1319 230 1366 non
253 1301 323 1367 tam
338 1296 564 1396 conquiescere
577 1296 843 1394 decimoseptimo
860 1295 963 1368 ferme
974 1291 1030 1365 die
1047 1318 1135 1365 mor-

159 1413 225 1486 bus
249 1429 296 1488 est
323 1418 437 1512 visus,
465 1444 566 1519 quam
588 1418 701 1516 potius
726 1441 812 1490 nova
838 1414 943 1486 forma
968 1439 1003 1485 se
1025 1425 1135 1486 osten-

160 1533 267 1607 dere.
294 1535 413 1631 Nam,
440 1539 498 1638 qui
524 1535 615 1609 nullo
639 1538 708 1635 jam
732 1534 921 1632 temporum
946 1532 1133 1607 discrimine

159 1654 217 1727 diu
241 1653 392 1750 solebat,
421 1670 589 1756 noctuque
605 1657 751 1731 maxime
775 1680 893 1730 vexare
913 1711 924 1749 ,
953 1655 1062 1727 acutie
1077 1680 1132 1728 ve-

55 1799 60 1806 ·
111 1789 113 1796 ’
154 1773 243 1869 luti,
270 1775 456 1877 diurnoque
480 1777 587 1850 officio
612 1777 817 1868 defunctuS‚
844 1787 941 1847 nocte
968 1775 1077 1871 coepit
1099 1801 1132 1846 a·

18 1896 23 1905 ’
153 1900 250 1972 criter
274 1897 457 1971 insaevire.
486 1897 543 1971 Sic
567 1911 604 1970 ut
628 1900 814 1971 sanissimus
845 1921 943 1993 aeger
981 1894 1131 1967 traduce-

153 2027 204 2087 ret
228 2013 327 2110 dies,
356 2015 468 2114 vigiles
493 2030 604 2090 autem
628 2029 737 2089 noctes
762 2015 845 2087 inter
882 2013 1072 2113 lacrymer,
1090 2025 1130 2089 et

152 2132 318 2232 ejulatus:
345 2147 413 2229 ut,
448 2159 515 2206 non
556 2148 731 2233 antequam
768 2129 981 2205 dilucesceret
1012 2186 1022 2224 ,
1049 2131 1129 2202 fessa
1164 2136 1166 2146 ’

152 2256 223 2355 jam
246 2254 372 2326 lumina
396 2279 513 2328 somno
538 2252 618 2326 dure
642 2229 777 2351 posset.
819 2253 914 2326 Tum
936 2277 1016 2326 vero
1050 2248 1127 2323 nihil

30 2416 35 2422 ·
154 2399 176 2444 a
200 2366 339 2445 Medicis
364 2372 562 2446 intentatum
586 2370 738 2445 relictum
761 2384 838 2464 est,
866 2397 933 2470 quo
958 2397 1058 2468 opem
1082 2371 1125 2442 al'-

24 2485 28 2499 “
154 2495 275 2566 ferrent
298 2492 501 2592 aegrotanti.
529 2491 647 2585 Nam,
674 2507 712 2565 ut
735 2492 847 2565 omnia
871 2489 1068 2564 contraham
1087 2491 1124 2562 iu

150 2609 273 2706 brevi,
299 2613 391 2684 intra
407 2610 576 2685 biennium
595 2667 605 2705 ‚
631 2609 692 2683 bis'
709 2636 806 2708 aegro
829 2605 993 2682 dolentior
1017 2609 1122 2701 sedes,
1141 2623 1157 2703 J

148 2747 226 2834 post
250 2735 412 2832 majorem
436 2733 568 2808 femoris
591 2731 861 2823 trochanteiem,
902 2731 1005 2828 ignito
1038 2731 1121 2803 ferro

150 2855 315 2955 profunde
339 2856 472 2945 inusta:
498 2853 551 2928 bis
574 2852 668 2952 plena
692 2851 825 2926 tolerata
850 2849 1119 2950 hydrargyrosis:

149 2996 191 3046 ex
215 2971 374 3073 bryoniae
397 2972 534 3075 decocto
547 2971 670 3072 pluries
683 2971 838 3070 clysteres
854 2970 1002 3067 usurpati
1017 2995 1119 3070 usque

146 3090 190 3162 ad
213 3091 380 3188 sanguinis
404 3090 623 3188 dejectionem
638 3143 648 3161 .
667 3088 809 3180 Quibus
824 3087 954 3160 auxiliis
969 3085 1025 3160 vix
1040 3087 1120 3161 illud

139 3207 278 3283 tandem
298 3200 581 3306 ¹putuit-obtineri·
594 3222 614 3301 ‚'
631 3219 674 3300 ut·
692 3204 834 3306 primam
868 3231 963 3305 saepe
988 3220 1118 3282 noctem

145 3327 238 3402 dolur
261 3327 424 3427 placidam
448 3327 670 3429 relinqueret.
697 3326 780 3401 Heic
805 3353 912 3421 vero,
938 3329 1117 3425 pertinacia

141 3445 282 3542 morbi,
309 3476 348 3521 ac
384 3442 609 3545 magnitudine
644 3459 843 3545 perspecta,
869 3469 970 3547 quam
1005 3448 1116 3524 valen-

142 3567 264 3640 tissima
290 3571 345 3643 vix
369 3568 526 3666 fregerint
549 3565 795 3662 medicamina5
822 3568 904 3641 cutis
941 3567 1114 3645 dolentiori

143 3704 246 3762 coxae
267 3685 568 3785 locosuperposita
593 3698 720 3759 setaceo
738 3688 881 3786 'trajecta
905 3699 983 3778 est,
1009 3688 1113 3763 maxi·

139 3835 260 3909 meque
287 3808 441 3881 mercurii
457 3805 571 3880 ‘dulcis
595 3807 693 3881 stibio
719 3807 862 3907 adjecti,
890 3835 948 3906 per
973 3822 1038 3910 tres
1053 3835 1109 3913 pe-

140 3958 194 4005 ne·
208 3955 361 4030 meuses,
388 3926 483 4029 copia
507 3928 611 4027 duta,
639 3930 687 4006 sic
708 3942 747 4004 ut
770 3926 1041 4011 sativauberttrn
1064 3930 1113 4003 et.-
