2544 4710
561 397 729 499 (103),
844 462 846 466 ,

164 555 370 629 dnobus-est
394 551 574 630 audacibus
598 556 726 629 auxiliis
751 585 770 628 a
794 555 931 629 medicis
951 563 1138 655 'oppugua-

160 689 211 748 tns
229 731 240 769 ‚
268 677 435 750 acerrimis
448 675 646 776 clysteribus
666 691 726 770 ,et
741 681 916 752 causticis:
935 704 1018 778 quae
1033 677 1135 749 ambo

159 801 259 870 novis
283 796 482 890 cruciatibus
509 797 672 872 vexavere
691 825 804 897 aegros
830 800 911 870 tristi
949 800 1024 872 satis
1048 824 1138 871 mor-

157 913 428 1010 bo'divexatos,
466 931 499 990 et
522 918 647 990 irritam
672 943 767 1017 saepe
791 916 969 990 attulerunt
1003 917 1138 990 medici·

158 1058 237 1107 narn
262 1037 338 1132 ipso
363 1033 482 1107 morbo
506 1035 737 1110 acerbiorem.
765 1036 839 1110 Visi
855 1050 930 1109 sunt
946 1039 1065 1129 eninr,
1091 1038 1135 1110 ad

156 1155 368 1228 evocandum
391 1153 434 1225 ad
458 1155 608 1227 intestina
632 1154 808 1228 collectum
831 1156 867 1226 in
892 1181 974 1228 coxa
1010 1153 1135 1226 hunro-

154 1296 228 1346 rem
247 1329 269 1377 2.
285 1275 460 1370 opportuni
485 1273 639 1374 clysteres
664 1276 948 1374 quamacerrimi3
975 1288 1011 1346 ut
1049 1273 1139 1347 adeo·
1182 1264 1184 1270 ’

150 1403 356 1489 portentosas
378 1390 560 1493 clysterem
586 1397 757 1479 varietates
780 1394 899 1467 medici
912 1396 1059 1466 certatim
1073 1421 1131 1466 ex-

150 1513 394 1608 cogitaverint:
422 1538 505 1612 quas
529 1540 648 1586 ornnes·
668 1516 788 1612 partim
814 1528 852 1585 ut
876 1512 1007 1586 inutiles
1026 1567 1036 1605 ‚
1055 1538 1150 1608 par-¹

151 1631 210 1700 tina
236 1631 336 1703 etiarn
354 1645 397 1704 -ut
422 1634 534 1704 noxias
559 1635 663 1705 scieris
687 1647 913 1732 praeteream.
943 1632 1031 1704 Sunt
1065 1659 1126 1704 no-

147 1747 222 1818 stris
246 1752 401 1848 agyrtis,
428 1763 527 1848 atque
551 1747 700 1847 agricolis
724 1751 808 1823 duae
834 1754 978 1824 maxime
1003 1751 1127 1850 clyste-

147 1887 230 1936 rum
254 1865 519 1969 praeparationes
544 1865 723 1939 celebratae
744 1922 752 1938 .
769 1866 904 1938 Etenim
918 1865 971 1938 alii
988 1868 1022 1938 in
1038 1892 1125 1940 same

147 1983 227 2059 buci
252 1985 428 2058 decoctum
453 1985 633 2086 tytlrynrali
658 1983 707 2060 la'c
732 1984 900 2060 uberrime
924 1984 1123 2079 ellandunt,
1242 2005 1248 2020 ·

146 2106 251 2208 idque
277 2108 372 2180 toties
396 2134 455 2206 per
487 2132 590 2180 anum
615 2109 823 2182 continenter
858 2107 1038 2206 injiciunt,
1065 2096 1144 2180 do'-·

149 2222 433 2326 nac‘dejectiones
459 2229 616 2327 prodeant
640 2231 846 2329 sanguinatae
875 2227 977 2316 ,·'alii'
990 2256 993 2260 ·
1007 2255 1049 2300 ex
1074 2256 1125 2301 sa·

147 2361 232 2420 turo·
250 2346 412 2445 bryoniae
439 2347 579 2421 decocto
604 2374 723 2446 magna
748 2349 846 2446 copia
881 2363 1025 2445 parato,
1055 2372 1123 2420 uno

151 2492 250 2538 mane
271 2481 367 2560 ,aut
392 2480 426 2538 et
444 2465 576 2561 alluo,
597 2480 669 2552 ,tot
693 2472 928 2566 consequenter
948 2486 951 2494 ’
969 2465 1126 2564 clysteres

144 2584 332 2679 injectant,
360 2583 466 2656 donec
489 2576 574 2655 inter
597 2604 744 2655 summos
777 2584 939 2656 cruciatus
978 2581 1122 2654 fundant

121 2696 262 2778 ‘vivum
286 2708 482 2802 sanguinem
507 2706 686 2776 intestina.
715 2703 860 2776 Fatebor
874 2704 1035 2802 ingenuus
1064 2727 1121 2773 me

145 2850 281 2924 quoque
322 2823 494 2896 nonnullas
526 2823 689 2919 ejusmo'di
731 2822 889 2919 perfectas
932 2819 1122 2904 observasse

141 2945 325 3016 curationes
360 2972 369 3032 ;
411 2943 570 3042 plurimas
594 2942 694 3012 etiam
730 2940 893 3034 accepisse
932 2938 976 3011 ab
1013 2937 1121 3008 horni-

144 3062 244 3137 nlbns
268 3063 334 3135 fide
359 3065 487 3162 dignis.
516 3061 559 3134 In
582 3062 705 3162 quibus
729 3044 877 3131 attamen·
911 3057 991 3134 allai
1024 3084 1120 3154 saepe

141 3184 328 3276 cohorrui,
352 3199 388 3256 et
413 3185 651 3282 aegrotantium
683 3184 835 3253 miseram
861 3181 951 3254 dolui
964 3182 1116 3270 «viceni,

140 3331 228 3405 qnos
250 3282 391 3378 ¹viderim
415 3305 477 3378 sub
516 3307 577 3377 ista
619 3303 801 3402 clysterum
831 3303 1016 3376 carnificina
1050 3303 1119 3378 lere

138 3425 336 3498 exanimes:
364 3426 467 3523 magis
493 3426 593 3496 etiarn
618 3422 720 3514 illos,
746 3426 804 3522 qui
823 3477 836 3515 ,
852 3420 907 3512 bis
930 3423 1116 3496 noviscru·

139 3542 279 3617 ciatibus
304 3542 473 3636 toleratiS,
499 3543 660 3616 morbum
685 3541 901 3616 nihilominus
942 3542 1109 3639 integrum
1226 3602 1229 3607 .

137 3660 315 3737 retulerunt
336 3717 345 3734 .
365 3661 496 3736 *Adhuc
521 3676 633 3734 autem
658 3661 772 3738 videre
804 3659 921 3736 videor
961 3657 1117 3732 mulieris.
1187 3702 1189 3706 ν

130 3780 359 3883 exemplum.
388 3783 470 3855 Erat
493 3809 655 3877 annorum
679 3751 1018 3882 undedmnquaginta,
1037 3776 1113 3876 plu-

138 3900 229 3976 riam
255 3901 403 3975 liliorum
428 3914 562 3999 mater,
589 3915 736 4001 correpta
766 3925 879 3980 mense
898 3900 919 3972 J
924 3898 989 3976 ulio
1011 3899 1126 3997 posti--
