2544 4710
643 422 807 523 (mi
874 375 877 381 ’

244 606 364 659 nervos
389 595 553 682 torpentes
576 574 768 657 recreandos
787 583 1117 685 ‚excutiendosqum
1144 577 1211 660 vidi

124 752 130 763 ·
242 703 456 797 remedium.
484 703 642 778 Matrona
667 727 794 799 nuper,
820 705 875 775 cui
899 717 974 801 post
991 729 1125 803 magnas
1142 730 1215 777 ner·

239 815 363 900 vorum
387 826 622 899 contractiones
657 849 753 896 crura
785 823 929 903 resoluta
962 825 1125 918 sumant,
1155 824 1217 898 trac

239 942 361 1018 alterna
385 945 421 1015 in
444 943 598 1042 frigidam
621 945 850 1035 immersione,
879 943 972 1018 bravi
987 958 1037 1019 est
1053 946 1214 1022 restituta.

269 1066 272 1071 ’
339 1063 457 1137 LXII.
485 1062 546 1136 His
569 1061 612 1134 de
636 1061 768 1159 postica
791 1061 934 1135 ischiada
959 1048 1130 1156 nervosa,
1159 1065 1215 1166 qni

239 1182 378 1259 morbus
402 1197 451 1257 est
474 1182 573 1281 longe
602 1184 913 1284 frequentissimus,
941 1183 1137 1278 adnotatio,
1163 1212 1214 1258 ro·

241 1317 303 1377 stat
322 1311 333 1397 ,’
360 1316 398 1376 ut
422 1301 465 1374 dc
487 1328 624 1376 nervosa
648 1303 791 1376 ischiada
815 1305 952 1394 antica,
980 1329 1067 1404 quae
1108 1303 1221 1377 multo

240 1426 344 1498 rarior
366 1437 415 1496 est
434 1478 445 1518 ,
462 1428 641 1526 minusque
662 1423 828 1517 molesta,
855 1437 1106 1522 pertractemus.
1136 1421 1220 1498 Iasi·

241 1545 298 1617 det
320 1543 403 1618 haec
426 1569 567 1617 ncrvum
591 1542 781 1636 cruralem,
808 1545 906 1641 cnjus
929 1540 1071 1630 ductum
1094 1541 1219 1616 doloris

239 1691 353 1738 sensns
370 1664 540 1738 manifeste
555 1644 787 1764 persequitur:
804 1648 945 1765 eamque
960 1664 1125 1762 progignit
1141 1663 1221 1736 acris

240 1785 366 1856 intrusa
389 1784 541 1856 materies
564 1785 601 1856 in
625 1784 698 1881 ejus
723 1783 816 1855 nervi
843 1783 1005 1880 vaginas,
1031 1784 1129 1880 cnjus
1144 1783 1219 1856 sona

238 1903 328 1979 idom
345 1932 384 1978 ac
398 1903 689 1995 ischiadiconervo
701 1916 769 1997 est,
788 1903 987 1978 immorandi
1003 1926 1118 1977 caussa
1135 1901 1220 1979 diffi-

214 2015 217 2020 ’
238 2024 334 2096 cilior
352 2079 362 2097 .
391 2025 549 2123 Stipatior
564 2027 653 2098 enim
667 2025 813 2126 undique
826 2021 982 2099 musculis
998 2023 1136 2096 cruraiis
1152 2046 1223 2096 ncr-

116 2196 119 2201 ·
240 2175 302 2224 vus
327 2160 401 2240 est,
428 2166 576 2246 quornm
601 2146 762 2246 frequenti
787 2171 936 2244 pressura
958 2128 1094 2244 vaginas
1117 2144 1221 2220 habet

241 2269 428 2359 exercitas,
455 2279 492 2338 ut
518 2263 699 2362 dispellere,
711 2279 870 2363 cogantur
886 2263 1095 2360 humorem,
1122 2263 1219 2341 sira*

240 2386 280 2460 lit
304 2387 501 2460 immorari.
546 2385 627 2476 ¹Vidi
647 2410 747 2483 saepe
778 2383 864 2461 hanc
897 2385 1076 2463 ischindem
1107 2398 1214 2462 nocta

239 2507 342 2582 etiam
366 2506 627 2599 exacerbatam,
654 2505 723 2579 vidi
749 2519 782 2580 et
807 2508 1108 2611 interminantem.
1135 2505 1216 2583 Fuit

61 2712 66 2739 Ι
95 2614 98 2619 ’
207 2690 211 2695 .
241 2632 342 2703 etiam
359 2681 371 2720 ‚
389 2628 447 2700 uti
471 2628 625 2726 postica,
653 2626 794 2722 australi
807 2639 966 2727 regnante
991 2641 1217 2728 tammam,

242 2762 300 2822 aut
322 2744 435 2821 calidis
458 2745 629 2839 a‘dmotis,¹
655 2745 837 2844 perennis,
855 2759 888 2820 ct
901 2742 1032 2844 gravior
1049 2771 1060 2834 ;
1087 2743 1215 2838 mitior,

133 2910 136 2915 ·
243 2868 454 2968 interdiuque
478 2865 604 2958 silens,
630 2861 744 2938 sereno
770 2876 947 2962 tempore,
972 2861 1027 2937 vei
1052 2862 1221 2964 aquilon·⁴

241 2993 300 3066 ri.
329 2982 408 3064 Non
433 2986 535 3060 semel
557 2976 717 3085 originem
740 2986 773 3057 ei
797 2983 887 3058 dedit
913 2982 1022 3083 lapsus
1051 2983 1223 3058 maetam

242 3112 403 3187 violentus
427 3110 461 3182 in
486 3107 571 3181 latus
594 3107 805 3200 alterutrum,
828 3106 890 3208 qui
921 3103 1032 3203 ternus
1056 3105 1092 3178 in
1115 3103 1224 3179 horni-

230 3235 283 3306 ne
307 3227 517 3328 sexagenario
540 3228 702 3327 posticam
726 3221 854 3317 simul,
882 3223 1089 3325 anticamqne
1114 3222 1219 3297 texat

241 3350 351 3424 lateris
374 3342 484 3420 intulit
509 3366 682 3420 nervosam
706 3343 917 3416 isdriadem.
944 3342 992 3414 Et
1018 3348 1126 3440 nuper
1149 3340 1219 3416 vidi

243 3473 353 3545 virum
369 3478 434 3538 tres
449 3488 551 3538 annos
560 3464 649 3566 hunc
664 3463 812 3535 anticum
827 3458 1044 3535 ischiadicnm
1059 3460 1220 3537 dotorem

244 3586 308 3664 'sub
332 3583 544 3685 aequinoctiis
565 3584 760 3657 sentientem
790 3581 887 3679 ionga
921 3579 1221 3674 molestissimum,

204 3786 214 3794 ,
244 3725 345 3811 atque
372 3692 598 3805 pertinacem
624 3703 706 3776 hnic
733 3699 878 3776 vesican's
914 3703 1101 3801 appositum
1121 3726 1219 3793 snm·

218 3901 220 3907 ,
245 3831 294 3901 mi
318 3824 422 3899 cr'uris
445 3825 591 3901 interiori
613 3810 707 3894 latori
732 3819 813 3894 nihil
835 3821 987 3920 profuit3
1015 3832 1049 3892 at
1072 3818 1222 3895 levamen

246 3946 361 4022 attulit
377 3947 521 4054 vcsicans
544 3945 690 4019 interiori
713 3943 904 4044 applicitum
928 3942 1060 4022 sonoris
1083 3939 1160 4019 loco
1173 3941 1224 4015 in·
