2544 4710
550 389 733 503 (stt

153 556 246 654 plum
271 549 393 654 opinor
415 557 581 631 evidenter
606 559 782 653 οεῐειιάεῐ,
808 562 872 634 viri
886 615 903 654 ³
930 570 1035 662 querit
1063 533 1114 658 ipsi

152 677 381 773 inspeximus,
407 673 547 750 lidmine
568 678 651 752 icti.
677 678 867 776 Fastiginm
880 666 1140 752 dnssnnaetn'

155 821 233 868 mus
253 794 384 870 fulmen
407 797 549 896 Neapoli
573 811 800 898 percusserat,
827 800 1057 900 imperatque
1071 822 1119 871 va

151 917 402 990 ria-directione
428 922 490 995 uia
513 917 777 992 habitaculorum
800 917 925 1016 plana,
952 947 1034 996 cum
1049 920 1122 992 sein

161 1058 272 1107 aream
295 1039 463 1134 conjecit.
491 1035 627 1135 Bejnlus
650 1035 698 1108 ibi
722 1038 806 1108 forte
833 1091 845 1129 ,
870 1036 1017 1135 pondere
1041 1035 1123 1138 quod

153 1157 334 1228 sustinebat
359 1158 534 1255 deposito,
558 1183 594 1229 se
616 1170 811 1254 receperat,
841 1171 1032 1255 exspectans
1059 1171 1124 1229 nn

154 1271 295 1367 tulum,
322 1275 462 1368 donec,
489 1288 680 1374 tempestate
703 1290 891 1369 summota,
909 1279 973 1348 iter
996 1275 1120 1374 ingredi

148 1409 287 1492 posset.
314 1396 368 1467 Ex
393 1399 552 1494 insperato
576 1395 713 1469 fulmine
737 1397 863 1489 icitur,
890 1395 1119 1498 dejicitnrqne,

149 1509 281 1585 babitus
305 1519 483 1589 extinctus.
511 1517 699 1588 Accurrnnt
722 1517 781 1614 qni
805 1517 955 1612 proxime
969 1516 1119 1610 aderant,

17 1705 20 1712 ,
149 1645 183 1702 et
207 1634 433 1707 semianimem
469 1632 619 1706 deferunt
651 1637 688 1706 in
719 1625 997 1709 Nosoco'minm.
1026 1635 1121 1717 Forte

151 1777 303 1850 praesens
327 1753 489 1847 aderam,
520 1780 600 1826 cnm
623 1751 796 1826 bominem
830 1753 968 1850 jamjam
1003 1752 1117 1826 revisi

154 1886 300 1944 scentem
323 1873 476 1970 inspexi,
502 1873 559 1946 cui
582 1870 694 1943 statim
725 1872 918 1968 sangninem
952 1869 1121 1945 detrahen·

151 1990 233 2065 dum
257 1994 370 2065 curavi
389 2047 398 2066 .
426 1991 585 2081 Quaesivi
606 2005 720 2089 postea
744 1990 826 2090 qnid
845 1991 881 2062 in
897 1991 1047 2064 fulminis
1061 1993 1121 2064 ictu

150 2114 296 2184 sensisset
313 2141 324 2201 ;
352 2141 371 2185 a
395 2139 526 2186 summa
540 2117 667 2187 cer-vioe
684 2114 818 2212 ,inquit
835 2112 1050 2206 ,secundum
1058 2111 1117 2210 apt

148 2258 228 2307 num
245 2289 262 2327 ,‚
285 2248 317 2306 et
342 2221 508 2329 dorsum,
534 2234 577 2306 ad
600 2258 638 2306 os
652 2260 786 2308 samum
800 2258 935 2334 usqne,
961 2245 1115 2335 tanquam

146 2377 208 2449 per
232 2378 286 2426 eas
311 2353 403 2427 sedes
427 2353 629 2428 decurrentis
654 2379 734 2426 cum
757 2352 886 2450 fingere
924 2376 1030 2451 aquae
1046 2376 1118 2429 oeu-

154 2497 255 2568 sum,
283 2499 322 2548 eo
347 2477 481 2574 strepitu
507 2501 574 2575 quo
598 2473 710 2548 oleum
732 2475 768 2545 in
793 2473 952 2571 sartagine
976 2473 1116 2572 liigetm

154 2609 211 2666 aut
235 2612 320 2696 aqna
343 2596 437 2669 altius
458 2622 518 2695 per
541 2609 713 2694 praerupta
738 2593 857 2666 cadens
882 2594 1034 2689 sentitnr.
1053 2594 1120 2669 Nu

156 2712 227 2786 duri
251 2716 355 2812 jussi,
382 2729 415 2787 et
440 2716 569 2813 egregio
593 2711 777 2814 spectaculo
801 2713 937 2786 affectus
963 2736 1067 2801 sum.
1092 2715 1119 2784 Α

154 2836 341 2907 summitate
366 2824 499 2909 ceruicis
523 2835 567 2908 ad
591 2837 698 2909 imum
721 2859 758 2908 os
782 2854 912 2907 merum
928 2835 1016 2906 entis
1032 2833 1119 2931 lorgi

150 2976 192 3026 ex
216 2953 318 3027 rubro
342 2953 486 3029 violacea
511 2954 640 3028 macula
662 2951 818 3053 pollicem
841 2948 916 3052 plus
929 2952 1041 3027 minus
1063 2951 1120 3024 nn

138 3075 363 3172 signabatur,
391 3101 457 3150 non
482 3074 538 3148 illa
562 3075 698 3176 quidem
722 3074 795 3146 fusa
818 3087 851 3145 ct
864 3074 1056 3168 continua,
1070 3070 1120 3146 sed

21 3228 22 3233 ¹
138 3193 325 3294 complexu
349 3196 495 3296 quodam
519 3211 552 3268 et
576 3194 681 3269 veluti
698 3195 785 3267 fasce
798 3194 1061 3273 rmnuseulnrnm
1077 3195 1120 3267 fn

152 3331 234 3409 cta,
262 3340 346 3416 quae
369 3341 429 3412 per
454 3315 567 3388 sedem
590 3312 753 3386 dorsalem
778 3302 977 3386 descendens
1013 3335 1119 3388 ramus

147 3439 233 3509 inter
245 3434 384 3554 singula
409 3438 509 3533 spatia
534 3433 745 3507 intercost'alia
760 3433 941 3549 incredibili
954 3434 1117 3508 mododi

153 3530 286 3628 stinctcrs
312 3548 544 3626 diffundebat.
573 3553 727 3644 Quorum
750 3569 918 3627 ramorum
954 3558 1051 3656 ,qui
1076 3568 1119 3628 se-

80 3734 83 3738 .
151 3644 298 3771 cundum
322 3688 426 3748 costas
452 3674 570 3748 sinistri
601 3675 744 3780 pectoris
780 3667 1014 3785 ducebantur,
1041 3676 1121 3749 latua

152 3794 358 3884 excedebant
378 3794 425 3883 ad
430 3792 677 3894 praecordium
703 3819 805 3894 usque
830 3796 1015 3890 venientes,
1043 3822 1122 3875 non

156 3901 238 3990 nibil
262 3914 429 3993 breviores
454 3927 545 3990 erant
571 3912 715 3991 dexteri
743 3912 810 4011 Ipsi
829 3915 913 3989 remi
928 3919 1037 3991 trunci
1052 3941 1121 4016 spe
