2544 4710
561 432 720 534 (355)

141 609 222 664 cum
246 587 440 683 efficerent,
466 585 534 689 pilo
563 589 714 688 pustulae
742 585 954 684 indigerent.
997 585 1111 663 Sentio

141 720 254 784 tamen
277 709 449 790 ostendit.
477 710 658 784 maximam
696 707 966 788 urubilicataruur
1000 693 1119 812 pustu-

139 829 250 906 larum
272 847 402 934 partem
424 837 496 936 ejus
519 834 644 934 figurae
668 825 819 912 caussam
842 839 1051 935 potissimum
1074 868 1112 912 a·

140 977 306 1051 gnoscere·
324 953 469 1033 locatam
490 955 526 1030 iu
549 954 709 1031 umbilico
733 954 925 1055 glandulnm
940 957 1121 1040 sebaceam,

140 1069 200 1175 (f
204 1071 252 1173 ),
279 1073 335 1148 cui
359 1075 477 1150 veneni
507 1074 659 1151 variolosi
695 1075 856 1176 particula
889 1076 1074 1151 adhaeserit
1104 1131 1113 1148 .
1187 1147 1190 1155 ,

139 1191 248 1284 Quod
271 1221 315 1274 an
336 1193 495 1294 peculiari
520 1195 693 1297 quadarn,
721 1207 755 1268 et
779 1194 949 1270 recondita
965 1194 1118 1272 sebacea·
1196 1240 1198 1244 -

138 1339 216 1388 rum
241 1300 468 1414 glandularurn
494 1316 703 1416 dispositione
727 1314 817 1414 fiat,
845 1347 891 1393 an
912 1319 991 1420 quia
1028 1320 1113 1392 forte

137 1431 258 1508 nullibi
281 1433 414 1510 vascula
440 1449 510 1511 tarn
543 1437 711 1531 minima,
738 1435 911 1541 lentaeque
934 1437 1119 1513 circulatio-

138 1554 175 1631 ni
200 1559 365 1656 sanguinis
388 1555 565 1640 obnoxia,
591 1570 795 1652 occurrant,
821 1584 908 1660 quae
937 1558 1118 1631 retinendis

140 1673 310 1771 particulis
333 1674 488 1750 variolusi
510 1675 655 1770 veneni,
681 1675 753 1751 luca
778 1675 953 1778 tranquilla
972 1733 982 1771 ,
1003 1691 1037 1749 et
1056 1676 1115 1748 fri-

139 1791 267 1892 gidiora
289 1796 486 1896 requirentis
511 1797 584 1898 (nv
603 1796 647 1896 ),
673 1811 748 1897 apta
763 1799 827 1872 siut
847 1855 858 1894 ,
878 1798 1010 1874 difficile
1025 1798 1117 1874 dictu

137 1927 217 1989 cst.
242 1914 312 1991 Sed
350 1932 478 2016 praeter
512 1917 605 1992 sedes
637 1915 864 2017 glandularum
902 1918 1117 2011 sebacearum

140 2054 212 2110 usse
233 2037 379 2136 pustulas
402 2039 562 2115 umbilico
598 2035 775 2139 gaudentes
811 2038 954 2114 dubium
986 2042 1122 2123 nullum
1193 2036 1196 2043 ’

139 2170 220 2229 est:
247 2184 325 2233 uam
348 2185 538 2251 manuum,
565 2172 599 2232 et
623 2159 688 2231 oris
702 2156 855 2255 pustulae
869 2157 1019 2232 umbilici
1048 2185 1120 2257 spe-

140 2274 229 2350 ciem
251 2300 348 2376 saepe
371 2278 515 2378 aliquam
539 2275 745 2352 ostendunt.
775 2275 851 2352 Oris
874 2290 1016 2371 autern,
1045 2305 1121 2377 par-

142 2394 295 2497 tiumque
318 2397 512 2477 assimilium
534 2397 709 2499 pustulatio
733 2400 817 2472 cutis
831 2398 1043 2498 postulationi
1058 2413 1119 2472 est

124 2498 323 2610 assimilis,
351 2531 449 2618 atque
473 2521 507 2592 iu
532 2545 669 2620 corpore
693 2545 860 2612 mucoso,
886 2520 978 2622 quod
1008 2519 1122 2619 subje-

140 2647 236 2710 ctum
264 2633 390 2710 habent
414 2635 596 2735 epitbelio‚
623 2637 771 2712 similiter
787 2638 924 2713 residet.
946 2640 1127 2716 Caeterum-

142 2780 184 2829 cx
211 2752 276 2830 boc
300 2754 440 2830 naturali
464 2755 655 2830 umbilicato
680 2755 856 2831 variolosae
879 2771 1045 2854 cutaneae
1059 2785 1122 2856 pu·
1170 2809 1172 2812 -

143 2875 250 2952 stolae
274 2874 487 2974 charactere,
514 2891 552 2951 ut
576 2903 640 2978 ego
663 2878 807 2977 opinor,
834 2879 1042 2954 manifestum
1067 2880 1119 2975 fir,
1232 2867 1234 2873 ’

144 3021 249 3096 quam
272 2995 309 3070 in
333 2995 474 3072 muliere
499 2994 612 3071 adulta
649 2995 807 3071 variolosa
838 3000 1047 3074 valliculam
1085 3003 1121 3074 in
1169 2985 1171 2989 ⁵

138 3112 256 3189 medio
280 3115 493 3214 pustularum
526 3113 711 3191 observavit
747 3116 955 3193 Bonarcurus
979 3116 1055 3219 (g)
1081 3126 1119 3194 in

141 3239 250 3339 cujus
276 3239 476 3355 meditullio
495 3218 671 3342 punctum
694 3253 777 3312 erut
801 3239 985 3315 obscurius
1004 3293 1015 3333 ,
1052 3267 1123 3316 non

142 3366 250 3430 totam
273 3354 373 3430 firisse
398 3357 529 3434 foveam
554 3386 575 3430 a
599 3357 860 3451 retrocessione,
892 3369 924 3431 et
958 3359 1118 3433 vacuitate

140 3491 255 3554 natam
277 3473 426 3551 humoris
450 3478 632 3574 variolosi,
660 3478 718 3552 sed
743 3477 892 3553 nonnihil
919 3478 961 3553 ad
986 3492 1119 3563 natura-

139 3599 208 3675 lem
230 3597 321 3676 bnnc
343 3598 535 3696 pertinuisse
559 3596 737 3675 variolosae
761 3597 911 3699 pustulae
946 3597 1113 3677 characte-

505 3781 706 3808 ...n-...3

138 3883 184 3972 (s)
205 3877 279 3975 Fid·
306 3903 343 3952 ¹¹·
368 3882 406 3949 Β·
431 3905 459 3949 ⁶·
589 3917 591 3923 ·
686 3873 782 3942 Tom.
814 3896 867 3964 ιι,
894 3896 927 3964 p.
957 3873 1033 3942 556.
1081 3888 1085 3894 ·

138 3993 188 4083 (t)
213 3979 401 4068 lss'ssorrrrr
424 3988 515 4062 Med.
545 3987 635 4078 sept.
1023 4024 1027 4033 ,

767 4101 788 4143 ²
911 4085 920 4102 .
