<?xml version="1.0" encoding="UTF-8"?>
<!DOCTYPE html PUBLIC "-//W3C//DTD XHTML 1.0 Transitional//EN"
    "http://www.w3.org/TR/xhtml1/DTD/xhtml1-transitional.dtd">
<html xmlns="http://www.w3.org/1999/xhtml" xml:lang="en" lang="en">
 <head>
  <title>
</title>
<meta http-equiv="Content-Type" content="text/html;charset=utf-8" />
  <meta name='ocr-system' content='tesseract 3.04.00' />
  <meta name='ocr-capabilities' content='ocr_page ocr_carea ocr_par ocr_line ocrx_word'/>
</head>
<body>
  <div class='ocr_page' id='page_1' title='image "./opusculamedica00cotugoog_0096.png"; bbox 0 0 2544 4710; ppageno 0'>
   <div class='ocr_carea' id='block_1_1' title="bbox 579 427 712 532">
    <p class='ocr_par' dir='ltr' id='par_1_1' title="bbox 579 427 712 532">
     <span class='ocr_line' id='line_1_1' title="bbox 579 427 712 532; baseline 0 0"><span class='ocrx_word' id='word_1_1' title='bbox 579 427 712 532; x_wconf 73' lang='grc'>(85)</span> 
     </span>
    </p>
   </div>
   <div class='ocr_carea' id='block_1_2' title="bbox 142 576 1207 3568">
    <p class='ocr_par' dir='ltr' id='par_1_2' title="bbox 142 576 1207 3568">
     <span class='ocr_line' id='line_1_2' title="bbox 146 576 1127 668; baseline 0.011 -11"><span class='ocrx_word' id='word_1_2' title='bbox 146 584 219 660; x_wconf 86' lang='lat' dir='ltr'>lore</span> <span class='ocrx_word' id='word_1_3' title='bbox 243 586 278 657; x_wconf 90' lang='lat' dir='ltr'>in</span> <span class='ocrx_word' id='word_1_4' title='bbox 302 587 430 660; x_wconf 84' lang='lat' dir='ltr'>sinistra</span> <span class='ocrx_word' id='word_1_5' title='bbox 445 576 532 661; x_wconf 60' lang='lat' dir='ltr'>&#39;sede</span> <span class='ocrx_word' id='word_1_6' title='bbox 555 590 637 664; x_wconf 88' lang='lat' dir='ltr'>ossis</span> <span class='ocrx_word' id='word_1_7' title='bbox 660 592 772 664; x_wconf 86' lang='lat' dir='ltr'>sacri.</span> <span class='ocrx_word' id='word_1_8' title='bbox 800 589 908 666; x_wconf 88' lang='lat' dir='ltr'>Dolor</span> <span class='ocrx_word' id='word_1_9' title='bbox 931 592 967 665; x_wconf 90' lang='lat' dir='ltr'>in</span> <span class='ocrx_word' id='word_1_10' title='bbox 991 591 1061 666; x_wconf 86' lang='lat' dir='ltr'>dies</span> <span class='ocrx_word' id='word_1_11' title='bbox 1077 621 1127 668; x_wconf 89' lang='lat' dir='ltr'>se-</span> 
     </span>
     <span class='ocr_line' id='line_1_3' title="bbox 143 706 1127 813; baseline 0.007 -33"><span class='ocrx_word' id='word_1_12' title='bbox 143 706 289 783; x_wconf 80' lang='lat' dir='ltr'>cuudum</span> <span class='ocrx_word' id='word_1_13' title='bbox 316 707 531 783; x_wconf 88' lang='lat' dir='ltr'>ischiadicum</span> <span class='ocrx_word' id='word_1_14' title='bbox 556 734 702 787; x_wconf 74' lang='lat' dir='ltr'>uentum</span> <span class='ocrx_word' id='word_1_15' title='bbox 727 712 896 813; x_wconf 71' lang='lat' dir='ltr'><strong>paullatim</strong></span> <span class='ocrx_word' id='word_1_16' title='bbox 923 715 1127 790; x_wconf 83' lang='lat' dir='ltr'>descendens</span> 
     </span>
     <span class='ocr_line' id='line_1_4' title="bbox 144 829 1127 937; baseline 0.006 -34"><span class='ocrx_word' id='word_1_17' title='bbox 144 852 320 903; x_wconf 79' lang='lat' dir='ltr'>nervosam</span> <span class='ocrx_word' id='word_1_18' title='bbox 344 831 479 927; x_wconf 78' lang='lat' dir='ltr'><strong>perfecit</strong></span> <span class='ocrx_word' id='word_1_19' title='bbox 502 829 680 905; x_wconf 74' lang='lat' dir='ltr'>isdriadem‘</span> <span class='ocrx_word' id='word_1_20' title='bbox 704 836 896 932; x_wconf 92' lang='lat' dir='ltr'>posticam.</span> <span class='ocrx_word' id='word_1_21' title='bbox 917 837 1005 910; x_wconf 85' lang='lat' dir='ltr'>Cres</span> <span class='ocrx_word' id='word_1_22' title='bbox 1030 861 1127 937; x_wconf 74' lang='lat' dir='ltr'>aeger</span> 
     </span>
     <span class='ocr_line' id='line_1_5' title="bbox 147 944 1137 1045; baseline 0.012 -26"><span class='ocrx_word' id='word_1_23' title='bbox 147 944 323 1019; x_wconf 83' lang='lat' dir='ltr'>extendere</span> <span class='ocrx_word' id='word_1_24' title='bbox 347 973 414 1019; x_wconf 91' lang='lat' dir='ltr'>non</span> <span class='ocrx_word' id='word_1_25' title='bbox 438 950 594 1045; x_wconf 57' lang='lat' dir='ltr'>poterat3</span> <span class='ocrx_word' id='word_1_26' title='bbox 621 949 723 1024; x_wconf 81' lang='lat' dir='ltr'>arab</span> <span class='ocrx_word' id='word_1_27' title='bbox 760 951 841 1027; x_wconf 85' lang='lat' dir='ltr'>hora</span> <span class='ocrx_word' id='word_1_28' title='bbox 866 954 931 1027; x_wconf 90' lang='lat' dir='ltr'>diei</span> <span class='ocrx_word' id='word_1_29' title='bbox 968 957 1137 1030; x_wconf 82' lang='lat' dir='ltr'>vicesima·</span> 
     </span>
     <span class='ocr_line' id='line_1_6' title="bbox 147 1054 1124 1177; baseline 0.012 -39"><span class='ocrx_word' id='word_1_30' title='bbox 147 1064 292 1138; x_wconf 70' lang='lat' dir='ltr'>securim</span> <span class='ocrx_word' id='word_1_31' title='bbox 316 1068 458 1142; x_wconf 88' lang='lat' dir='ltr'>multam</span> <span class='ocrx_word' id='word_1_32' title='bbox 482 1070 525 1143; x_wconf 85' lang='lat' dir='ltr'>ad</span> <span class='ocrx_word' id='word_1_33' title='bbox 542 1084 672 1145; x_wconf 89' lang='lat' dir='ltr'>noctem</span> <span class='ocrx_word' id='word_1_34' title='bbox 689 1054 871 1148; x_wconf 81' lang='lat' dir='ltr'>miser&#39;rime</span> <span class='ocrx_word' id='word_1_35' title='bbox 885 1075 1124 1177; x_wconf 75' lang='lat' dir='ltr'>torquebatur.</span> 
     </span>
     <span class='ocr_line' id='line_1_7' title="bbox 148 1178 1128 1293; baseline 0.014 -39"><span class='ocrx_word' id='word_1_36' title='bbox 148 1184 251 1257; x_wconf 86' lang='lat' dir='ltr'>Venit</span> <span class='ocrx_word' id='word_1_37' title='bbox 273 1184 315 1257; x_wconf 89' lang='lat' dir='ltr'>ad</span> <span class='ocrx_word' id='word_1_38' title='bbox 341 1211 400 1258; x_wconf 90' lang='lat' dir='ltr'>nos</span> <span class='ocrx_word' id='word_1_39' title='bbox 424 1178 492 1260; x_wconf 82' lang='lat' dir='ltr'>lere</span> <span class='ocrx_word' id='word_1_40' title='bbox 517 1203 590 1287; x_wconf 88' lang='lat' dir='ltr'>post</span> <span class='ocrx_word' id='word_1_41' title='bbox 613 1215 787 1264; x_wconf 87' lang='lat' dir='ltr'>mensem:</span> <span class='ocrx_word' id='word_1_42' title='bbox 815 1192 1008 1292; x_wconf 83' lang='lat' dir='ltr'>sanguinem</span> <span class='ocrx_word' id='word_1_43' title='bbox 1030 1193 1128 1293; x_wconf 90' lang='lat' dir='ltr'>jube-</span> 
     </span>
     <span class='ocr_line' id='line_1_8' title="bbox 145 1307 1131 1411; baseline 0.009 -34"><span class='ocrx_word' id='word_1_44' title='bbox 145 1328 222 1378; x_wconf 82' lang='lat' dir='ltr'>mus</span> <span class='ocrx_word' id='word_1_45' title='bbox 246 1307 351 1379; x_wconf 84' lang='lat' dir='ltr'>emitti</span> <span class='ocrx_word' id='word_1_46' title='bbox 377 1307 422 1379; x_wconf 84' lang='lat' dir='ltr'>ab</span> <span class='ocrx_word' id='word_1_47' title='bbox 446 1307 504 1379; x_wconf 89' lang='lat' dir='ltr'>illo</span> <span class='ocrx_word' id='word_1_48' title='bbox 527 1307 719 1395; x_wconf 72' lang='lat' dir='ltr'>ischiadicee</span> <span class='ocrx_word' id='word_1_49' title='bbox 742 1333 837 1383; x_wconf 80' lang='lat' dir='ltr'>remo</span> <span class='ocrx_word' id='word_1_50' title='bbox 855 1367 865 1405; x_wconf 89' lang='lat'>,</span> <span class='ocrx_word' id='word_1_51' title='bbox 883 1312 1031 1411; x_wconf 85' lang='lat' dir='ltr'>quiante</span> <span class='ocrx_word' id='word_1_52' title='bbox 1045 1312 1131 1386; x_wconf 85' lang='lat' dir='ltr'>mal-</span> 
     </span>
     <span class='ocr_line' id='line_1_9' title="bbox 145 1423 1128 1528; baseline 0.008 -29"><span class='ocrx_word' id='word_1_53' title='bbox 145 1424 272 1501; x_wconf 87' lang='lat' dir='ltr'>leolum</span> <span class='ocrx_word' id='word_1_54' title='bbox 310 1423 506 1502; x_wconf 81' lang='lat' dir='ltr'>exteriorem</span> <span class='ocrx_word' id='word_1_55' title='bbox 531 1429 649 1504; x_wconf 82' lang='lat' dir='ltr'>effecti·</span> <span class='ocrx_word' id='word_1_56' title='bbox 677 1430 789 1506; x_wconf 86' lang='lat' dir='ltr'>lateris</span> <span class='ocrx_word' id='word_1_57' title='bbox 812 1431 1042 1528; x_wconf 76' lang='lat' dir='ltr'>excurrebat,</span> <span class='ocrx_word' id='word_1_58' title='bbox 1082 1433 1128 1507; x_wconf 83' lang='lat' dir='ltr'>ad</span> 
     </span>
     <span class='ocr_line' id='line_1_10' title="bbox 144 1553 1132 1655; baseline 0.002 -28"><span class='ocrx_word' id='word_1_59' title='bbox 144 1553 259 1628; x_wconf 80' lang='lat' dir='ltr'>&#39;undas</span> <span class='ocrx_word' id='word_1_60' title='bbox 273 1556 376 1652; x_wconf 83' lang='lat' dir='ltr'>pene</span> <span class='ocrx_word' id='word_1_61' title='bbox 391 1553 592 1628; x_wconf 88' lang='lat' dir='ltr'>duodecim:</span> <span class='ocrx_word' id='word_1_62' title='bbox 620 1581 687 1655; x_wconf 86' lang='lat' dir='ltr'>qua</span> <span class='ocrx_word' id='word_1_63' title='bbox 711 1556 875 1654; x_wconf 81' lang='lat' dir='ltr'>sangrrinis</span> <span class='ocrx_word' id='word_1_64' title='bbox 899 1555 1056 1629; x_wconf 78' lang='lat' dir='ltr'>missione</span> <span class='ocrx_word' id='word_1_65' title='bbox 1070 1582 1132 1655; x_wconf 88' lang='lat' dir='ltr'>pe-</span> 
     </span>
     <span class='ocr_line' id='line_1_11' title="bbox 143 1668 1128 1766; baseline 0.003 -18"><span class='ocrx_word' id='word_1_66' title='bbox 143 1668 262 1766; x_wconf 82' lang='lat' dir='ltr'>racta,</span> <span class='ocrx_word' id='word_1_67' title='bbox 289 1677 409 1749; x_wconf 89' lang='lat' dir='ltr'>sensim</span> <span class='ocrx_word' id='word_1_68' title='bbox 435 1672 531 1747; x_wconf 87' lang='lat' dir='ltr'>dolor</span> <span class='ocrx_word' id='word_1_69' title='bbox 554 1677 637 1747; x_wconf 85' lang='lat' dir='ltr'>intra</span> <span class='ocrx_word' id='word_1_70' title='bbox 663 1674 762 1749; x_wconf 88' lang='lat' dir='ltr'>binos</span> <span class='ocrx_word' id='word_1_71' title='bbox 787 1676 858 1750; x_wconf 90' lang='lat' dir='ltr'>dies</span> <span class='ocrx_word' id='word_1_72' title='bbox 882 1677 1045 1765; x_wconf 79' lang='lat' dir='ltr'>evanuit3</span> <span class='ocrx_word' id='word_1_73' title='bbox 1070 1678 1128 1752; x_wconf 83' lang='lat' dir='ltr'>vix</span> 
     </span>
     <span class='ocr_line' id='line_1_12' title="bbox 143 1793 1133 1894; baseline -0.002 -26"><span class='ocrx_word' id='word_1_74' title='bbox 143 1793 280 1894; x_wconf 83' lang='lat' dir='ltr'>parvulo</span> <span class='ocrx_word' id='word_1_75' title='bbox 304 1797 406 1893; x_wconf 75' lang='lat' dir='ltr'>rjus,</span> <span class='ocrx_word' id='word_1_76' title='bbox 432 1794 489 1867; x_wconf 83' lang='lat' dir='ltr'>sed</span> <span class='ocrx_word' id='word_1_77' title='bbox 516 1793 648 1867; x_wconf 89' lang='lat' dir='ltr'>innoxio</span> <span class='ocrx_word' id='word_1_78' title='bbox 673 1820 769 1866; x_wconf 85' lang='lat' dir='ltr'>sensu</span> <span class='ocrx_word' id='word_1_79' title='bbox 793 1793 837 1866; x_wconf 85' lang='lat' dir='ltr'>ud</span> <span class='ocrx_word' id='word_1_80' title='bbox 860 1819 898 1867; x_wconf 90' lang='lat' dir='ltr'>os</span> <span class='ocrx_word' id='word_1_81' title='bbox 921 1819 1053 1868; x_wconf 84' lang='lat' dir='ltr'>sucrum</span> <span class='ocrx_word' id='word_1_82' title='bbox 1075 1821 1133 1867; x_wconf 86' lang='lat' dir='ltr'>re-</span> 
     </span>
     <span class='ocr_line' id='line_1_13' title="bbox 145 1912 1128 2010; baseline -0.002 -22"><span class='ocrx_word' id='word_1_83' title='bbox 145 1912 251 1989; x_wconf 88' lang='lat' dir='ltr'>licto.</span> <span class='ocrx_word' id='word_1_84' title='bbox 294 1915 390 2005; x_wconf 86' lang='lat' dir='ltr'>Quae</span> <span class='ocrx_word' id='word_1_85' title='bbox 429 1912 579 2010; x_wconf 87' lang='lat' dir='ltr'>exempla</span> <span class='ocrx_word' id='word_1_86' title='bbox 612 1912 695 1988; x_wconf 83' lang='lat' dir='ltr'>milri</span> <span class='ocrx_word' id='word_1_87' title='bbox 719 1917 755 1988; x_wconf 88' lang='lat' dir='ltr'>in</span> <span class='ocrx_word' id='word_1_88' title='bbox 789 1928 937 1987; x_wconf 85' lang='lat' dir='ltr'>mentem</span> <span class='ocrx_word' id='word_1_89' title='bbox 972 1927 1128 1988; x_wconf 85' lang='lat' dir='ltr'>revocant</span> 
     </span>
     <span class='ocr_line' id='line_1_14' title="bbox 142 2032 1128 2134; baseline -0.002 -25"><span class='ocrx_word' id='word_1_90' title='bbox 142 2035 347 2110; x_wconf 79' lang='lat' dir='ltr'>Aoesrmnn</span> <span class='ocrx_word' id='word_1_91' title='bbox 372 2055 541 2108; x_wconf 90' lang='lat' dir='ltr'>summum</span> <span class='ocrx_word' id='word_1_92' title='bbox 558 2032 655 2109; x_wconf 88' lang='lat' dir='ltr'>illum</span> <span class='ocrx_word' id='word_1_93' title='bbox 673 2035 962 2111; x_wconf 79' lang='lat' dir='ltr'>Lacedaemonem</span> <span class='ocrx_word' id='word_1_94' title='bbox 978 2034 1128 2134; x_wconf 80' lang='lat' dir='ltr'>Impera·</span> 
     </span>
     <span class='ocr_line' id='line_1_15' title="bbox 145 2155 1129 2258; baseline -0.002 -28"><span class='ocrx_word' id='word_1_95' title='bbox 145 2170 289 2249; x_wconf 85' lang='lat' dir='ltr'>torem,</span> <span class='ocrx_word' id='word_1_96' title='bbox 315 2181 416 2256; x_wconf 85' lang='lat' dir='ltr'>quem</span> <span class='ocrx_word' id='word_1_97' title='bbox 443 2169 554 2228; x_wconf 87' lang='lat' dir='ltr'>narrat</span> <span class='ocrx_word' id='word_1_98' title='bbox 578 2155 802 2231; x_wconf 77' lang='lat' dir='ltr'>Punrtxcrtns</span> <span class='ocrx_word' id='word_1_99' title='bbox 828 2155 887 2258; x_wconf 86' lang='lat' dir='ltr'>(p)</span> <span class='ocrx_word' id='word_1_100' title='bbox 911 2182 990 2230; x_wconf 89' lang='lat' dir='ltr'>cum</span> <span class='ocrx_word' id='word_1_101' title='bbox 1016 2157 1051 2228; x_wconf 89' lang='lat' dir='ltr'>in</span> <span class='ocrx_word' id='word_1_102' title='bbox 1073 2181 1129 2228; x_wconf 79' lang='lat' dir='ltr'>re-</span> 
     </span>
     <span class='ocr_line' id='line_1_16' title="bbox 145 2271 1131 2372; baseline -0.002 -25"><span class='ocrx_word' id='word_1_103' title='bbox 145 2275 218 2348; x_wconf 88' lang='lat' dir='ltr'>ditu</span> <span class='ocrx_word' id='word_1_104' title='bbox 243 2273 288 2346; x_wconf 84' lang='lat' dir='ltr'>ab</span> <span class='ocrx_word' id='word_1_105' title='bbox 312 2273 519 2372; x_wconf 81' lang='lat' dir='ltr'>expeditione</span> <span class='ocrx_word' id='word_1_106' title='bbox 542 2287 655 2347; x_wconf 86' lang='lat' dir='ltr'>contra</span> <span class='ocrx_word' id='word_1_107' title='bbox 681 2271 864 2347; x_wconf 80' lang='lat' dir='ltr'>Thebanos</span> <span class='ocrx_word' id='word_1_108' title='bbox 872 2273 1025 2372; x_wconf 67' lang='lat' dir='ltr'>‚Megaris</span> <span class='ocrx_word' id='word_1_109' title='bbox 1035 2298 1131 2346; x_wconf 88' lang='lat' dir='ltr'>exer-</span> 
     </span>
     <span class='ocr_line' id='line_1_17' title="bbox 145 2393 1131 2498; baseline -0.002 -28"><span class='ocrx_word' id='word_1_110' title='bbox 145 2399 250 2471; x_wconf 83' lang='lat' dir='ltr'>citum</span> <span class='ocrx_word' id='word_1_111' title='bbox 275 2393 467 2469; x_wconf 77' lang='lat' dir='ltr'>abduxisset</span> <span class='ocrx_word' id='word_1_112' title='bbox 485 2422 496 2485; x_wconf 82' lang='lat'>3</span> <span class='ocrx_word' id='word_1_113' title='bbox 524 2398 777 2471; x_wconf 77' lang='lat' dir='ltr'>ascendentem</span> <span class='ocrx_word' id='word_1_114' title='bbox 792 2397 1015 2485; x_wconf 72' lang='lat' dir='ltr'>arietariam,</span> <span class='ocrx_word' id='word_1_115' title='bbox 1036 2420 1131 2498; x_wconf 83' lang='lat' dir='ltr'>quae</span> 
     </span>
     <span class='ocr_line' id='line_1_18' title="bbox 147 2516 1133 2610; baseline -0.004 -18"><span class='ocrx_word' id='word_1_116' title='bbox 147 2521 185 2592; x_wconf 87' lang='lat' dir='ltr'>in</span> <span class='ocrx_word' id='word_1_117' title='bbox 199 2526 299 2592; x_wconf 74' lang='lat' dir='ltr'>‘arce</span> <span class='ocrx_word' id='word_1_118' title='bbox 321 2528 433 2610; x_wconf 80' lang='lat' dir='ltr'>erat,</span> <span class='ocrx_word' id='word_1_119' title='bbox 460 2519 718 2605; x_wconf 71' lang='lat' dir='ltr'>convulsione,</span> <span class='ocrx_word' id='word_1_120' title='bbox 746 2532 786 2590; x_wconf 83' lang='lat' dir='ltr'>et</span> <span class='ocrx_word' id='word_1_121' title='bbox 807 2516 1005 2592; x_wconf 72' lang='lat' dir='ltr'>vehementi</span> <span class='ocrx_word' id='word_1_122' title='bbox 1027 2517 1133 2588; x_wconf 78' lang='lat' dir='ltr'>dolo-</span> 
     </span>
     <span class='ocr_line' id='line_1_19' title="bbox 148 2632 1178 2734; baseline -0.005 -24"><span class='ocrx_word' id='word_1_123' title='bbox 148 2660 189 2710; x_wconf 85' lang='lat' dir='ltr'>re</span> <span class='ocrx_word' id='word_1_124' title='bbox 214 2632 261 2707; x_wconf 62' lang='lat' dir='ltr'>in&#39;</span> <span class='ocrx_word' id='word_1_125' title='bbox 280 2661 377 2709; x_wconf 79' lang='lat' dir='ltr'>sano</span> <span class='ocrx_word' id='word_1_126' title='bbox 397 2661 505 2710; x_wconf 74' lang='lat' dir='ltr'>crure</span> <span class='ocrx_word' id='word_1_127' title='bbox 526 2636 789 2734; x_wconf 78' lang='lat' dir='ltr'>praeliemum.</span> <span class='ocrx_word' id='word_1_128' title='bbox 821 2637 915 2711; x_wconf 83' lang='lat' dir='ltr'>Cum</span> <span class='ocrx_word' id='word_1_129' title='bbox 940 2640 1034 2708; x_wconf 86' lang='lat' dir='ltr'>enim</span> <span class='ocrx_word' id='word_1_130' title='bbox 1050 2633 1132 2705; x_wconf 87' lang='lat' dir='ltr'>Me·</span> <span class='ocrx_word' id='word_1_131' title='bbox 1176 2718 1178 2721; x_wconf 12' lang='lat' dir='ltr'>v</span> 
     </span>
     <span class='ocr_line' id='line_1_20' title="bbox 143 2751 1135 2855; baseline -0.006 -29"><span class='ocrx_word' id='word_1_132' title='bbox 143 2754 246 2827; x_wconf 80' lang='lat' dir='ltr'>diens</span> <span class='ocrx_word' id='word_1_133' title='bbox 273 2755 421 2854; x_wconf 79' lang='lat' dir='ltr'>quidam</span> <span class='ocrx_word' id='word_1_134' title='bbox 446 2753 477 2826; x_wconf 91' lang='lat' dir='ltr'><em>S</em></span> <span class='ocrx_word' id='word_1_135' title='bbox 469 2779 712 2853; x_wconf 61' lang='lat' dir='ltr'>yrrwruanurv</span> <span class='ocrx_word' id='word_1_136' title='bbox 731 2779 860 2828; x_wconf 81' lang='lat' dir='ltr'>venum</span> <span class='ocrx_word' id='word_1_137' title='bbox 903 2752 1004 2855; x_wconf 86' lang='lat' dir='ltr'>infra</span> <span class='ocrx_word' id='word_1_138' title='bbox 1039 2751 1135 2824; x_wconf 82' lang='lat' dir='ltr'>mal-</span> 
     </span>
     <span class='ocr_line' id='line_1_21' title="bbox 150 2868 1129 2975; baseline -0.006 -25"><span class='ocrx_word' id='word_1_139' title='bbox 150 2868 279 2950; x_wconf 82' lang='lat' dir='ltr'>leolum</span> <span class='ocrx_word' id='word_1_140' title='bbox 292 2878 328 2947; x_wconf 85' lang='lat' dir='ltr'>ei</span> <span class='ocrx_word' id='word_1_141' title='bbox 342 2878 565 2974; x_wconf 82' lang='lat' dir='ltr'>aperuisset,</span> <span class='ocrx_word' id='word_1_142' title='bbox 593 2877 701 2948; x_wconf 84' lang='lat' dir='ltr'>dolor</span> <span class='ocrx_word' id='word_1_143' title='bbox 712 2877 853 2975; x_wconf 82' lang='lat' dir='ltr'>quidem</span> <span class='ocrx_word' id='word_1_144' title='bbox 871 2878 1024 2948; x_wconf 76' lang='lat' dir='ltr'>remisit.</span> <span class='ocrx_word' id='word_1_145' title='bbox 1040 2872 1129 2944; x_wconf 89' lang='lat' dir='ltr'>Cum</span> 
     </span>
     <span class='ocr_line' id='line_1_22' title="bbox 148 2992 1135 3094; baseline -0.004 -25"><span class='ocrx_word' id='word_1_146' title='bbox 148 3021 230 3070; x_wconf 82' lang='lat' dir='ltr'>vero</span> <span class='ocrx_word' id='word_1_147' title='bbox 252 2992 306 3068; x_wconf 88' lang='lat' dir='ltr'>illa</span> <span class='ocrx_word' id='word_1_148' title='bbox 332 2995 496 3093; x_wconf 74' lang='lat' dir='ltr'>expeditio</span> <span class='ocrx_word' id='word_1_149' title='bbox 522 2996 688 3069; x_wconf 76' lang='lat' dir='ltr'>Aonsrnxr</span> <span class='ocrx_word' id='word_1_150' title='bbox 701 2993 744 3066; x_wconf 89' lang='lat' dir='ltr'>ad</span> <span class='ocrx_word' id='word_1_151' title='bbox 760 3007 916 3094; x_wconf 81' lang='lat' dir='ltr'>quartum</span> <span class='ocrx_word' id='word_1_152' title='bbox 936 2995 1135 3066; x_wconf 87' lang='lat' dir='ltr'>centesimae</span> 
     </span>
     <span class='ocr_line' id='line_1_23' title="bbox 149 3107 1135 3214; baseline -0.004 -28"><span class='ocrx_word' id='word_1_153' title='bbox 149 3111 351 3214; x_wconf 78' lang='lat' dir='ltr'>olympiadis</span> <span class='ocrx_word' id='word_1_154' title='bbox 376 3138 501 3186; x_wconf 87' lang='lat' dir='ltr'>annum</span> <span class='ocrx_word' id='word_1_155' title='bbox 524 3113 714 3210; x_wconf 84' lang='lat' dir='ltr'>pertineat,</span> <span class='ocrx_word' id='word_1_156' title='bbox 742 3111 872 3183; x_wconf 85' lang='lat' dir='ltr'>vivente</span> <span class='ocrx_word' id='word_1_157' title='bbox 910 3107 1048 3208; x_wconf 86' lang='lat' dir='ltr'>quidem</span> <span class='ocrx_word' id='word_1_158' title='bbox 1073 3134 1135 3182; x_wconf 71' lang='lat' dir='ltr'>ec-</span> 
     </span>
     <span class='ocr_line' id='line_1_24' title="bbox 149 3231 1134 3334; baseline -0.003 -27"><span class='ocrx_word' id='word_1_159' title='bbox 149 3233 229 3308; x_wconf 90' lang='lat' dir='ltr'>cidit</span> <span class='ocrx_word' id='word_1_160' title='bbox 252 3232 473 3306; x_wconf 79' lang='lat' dir='ltr'>Hrrrocrmx</span> <span class='ocrx_word' id='word_1_161' title='bbox 492 3289 502 3325; x_wconf 85' lang='lat'>‚</span> <span class='ocrx_word' id='word_1_162' title='bbox 529 3258 633 3334; x_wconf 85' lang='lat' dir='ltr'>quem</span> <span class='ocrx_word' id='word_1_163' title='bbox 650 3246 765 3313; x_wconf 84' lang='lat' dir='ltr'>natum</span> <span class='ocrx_word' id='word_1_164' title='bbox 780 3243 906 3304; x_wconf 87' lang='lat' dir='ltr'>constet</span> <span class='ocrx_word' id='word_1_165' title='bbox 918 3231 1026 3327; x_wconf 88' lang='lat' dir='ltr'>primo</span> <span class='ocrx_word' id='word_1_166' title='bbox 1039 3243 1134 3304; x_wconf 87' lang='lat' dir='ltr'>octo-</span> 
     </span>
     <span class='ocr_line' id='line_1_25' title="bbox 149 3351 1134 3451; baseline -0.004 -27"><span class='ocrx_word' id='word_1_167' title='bbox 149 3353 292 3450; x_wconf 72' lang='lat' dir='ltr'>gesimae</span> <span class='ocrx_word' id='word_1_168' title='bbox 316 3351 514 3451; x_wconf 80' lang='lat' dir='ltr'>olympiadis</span> <span class='ocrx_word' id='word_1_169' title='bbox 539 3379 625 3425; x_wconf 84' lang='lat' dir='ltr'>enno</span> <span class='ocrx_word' id='word_1_170' title='bbox 643 3407 652 3443; x_wconf 85' lang='lat'>,</span> <span class='ocrx_word' id='word_1_171' title='bbox 668 3351 712 3423; x_wconf 84' lang='lat' dir='ltr'>ad</span> <span class='ocrx_word' id='word_1_172' title='bbox 728 3351 860 3423; x_wconf 87' lang='lat' dir='ltr'>tertiam</span> <span class='ocrx_word' id='word_1_173' title='bbox 873 3373 977 3449; x_wconf 83' lang='lat' dir='ltr'>usque</span> <span class='ocrx_word' id='word_1_174' title='bbox 1002 3360 1037 3422; x_wconf 81' lang='lat' dir='ltr'>et</span> <span class='ocrx_word' id='word_1_175' title='bbox 1051 3373 1134 3422; x_wconf 88' lang='lat' dir='ltr'>cen-</span> 
     </span>
     <span class='ocr_line' id='line_1_26' title="bbox 156 3466 1207 3568; baseline -0.001 -25"><span class='ocrx_word' id='word_1_176' title='bbox 156 3470 308 3543; x_wconf 83' lang='lat' dir='ltr'>tesimam</span> <span class='ocrx_word' id='word_1_177' title='bbox 334 3467 559 3568; x_wconf 81' lang='lat' dir='ltr'>olympiadem</span> <span class='ocrx_word' id='word_1_178' title='bbox 586 3471 688 3543; x_wconf 84' lang='lat' dir='ltr'>vitam</span> <span class='ocrx_word' id='word_1_179' title='bbox 724 3469 914 3567; x_wconf 82' lang='lat' dir='ltr'>produxisse</span> <span class='ocrx_word' id='word_1_180' title='bbox 943 3525 951 3542; x_wconf 93' lang='lat'>.</span> <span class='ocrx_word' id='word_1_181' title='bbox 982 3466 1134 3568; x_wconf 85' lang='lat' dir='ltr'>Ideoque</span> <span class='ocrx_word' id='word_1_182' title='bbox 1188 3524 1207 3563; x_wconf 43' lang='grc'>,-</span> 
     </span>
    </p>
   </div>
   <div class='ocr_carea' id='block_1_3' title="bbox 152 3585 1134 3687">
    <p class='ocr_par' dir='ltr' id='par_1_3' title="bbox 152 3585 1134 3687">
     <span class='ocr_line' id='line_1_27' title="bbox 152 3585 1134 3687; baseline 0 -24"><span class='ocrx_word' id='word_1_183' title='bbox 152 3591 212 3663; x_wconf 83' lang='lat' dir='ltr'>etsi</span> <span class='ocrx_word' id='word_1_184' title='bbox 237 3587 338 3687; x_wconf 88' lang='lat' dir='ltr'>hujus</span> <span class='ocrx_word' id='word_1_185' title='bbox 363 3587 528 3684; x_wconf 84' lang='lat' dir='ltr'>sanguinis</span> <span class='ocrx_word' id='word_1_186' title='bbox 567 3589 728 3660; x_wconf 78' lang='lat' dir='ltr'>missionis</span> <span class='ocrx_word' id='word_1_187' title='bbox 752 3589 786 3662; x_wconf 90' lang='lat' dir='ltr'>in</span> <span class='ocrx_word' id='word_1_188' title='bbox 828 3585 970 3661; x_wconf 87' lang='lat' dir='ltr'>ischiade</span> <span class='ocrx_word' id='word_1_189' title='bbox 995 3614 1015 3659; x_wconf 88' lang='lat' dir='ltr'>a</span> <span class='ocrx_word' id='word_1_190' title='bbox 1039 3601 1134 3684; x_wconf 85' lang='lat' dir='ltr'>parte</span> 
     </span>
    </p>
   </div>
   <div class='ocr_carea' id='block_1_4' title="bbox 574 3730 749 3749">
    <p class='ocr_par' dir='ltr' id='par_1_4' title="bbox 574 3730 749 3749">
     <span class='ocr_line' id='line_1_28' title="bbox 574 3730 749 3749; baseline -0.011 0"><span class='ocrx_word' id='word_1_191' title='bbox 574 3730 749 3749; x_wconf 58' lang='grc' dir='ltr'><strong><em>Μ</em></strong></span> 
     </span>
    </p>
   </div>
   <div class='ocr_carea' id='block_1_5' title="bbox 153 3797 1117 4016">
    <p class='ocr_par' dir='ltr' id='par_1_5' title="bbox 153 3797 1117 4016">
     <span class='ocr_line' id='line_1_29' title="bbox 153 3797 1117 3903; baseline -0.006 -28"><span class='ocrx_word' id='word_1_192' title='bbox 153 3811 203 3903; x_wconf 84' lang='lat' dir='ltr'>(p)</span> <span class='ocrx_word' id='word_1_193' title='bbox 228 3807 411 3873; x_wconf 80' lang='lat' dir='ltr'>Pnurmcus</span> <span class='ocrx_word' id='word_1_194' title='bbox 445 3808 478 3871; x_wconf 91' lang='lat' dir='ltr'>in</span> <span class='ocrx_word' id='word_1_195' title='bbox 525 3807 599 3876; x_wconf 75' lang='lat' dir='ltr'>viu</span> <span class='ocrx_word' id='word_1_196' title='bbox 623 3807 772 3873; x_wconf 77' lang='lat' dir='ltr'>Acesten</span> <span class='ocrx_word' id='word_1_197' title='bbox 798 3834 831 3902; x_wconf 87' lang='lat' dir='ltr'>p.</span> <span class='ocrx_word' id='word_1_198' title='bbox 858 3833 904 3889; x_wconf 36' lang='lat' dir='ltr'>me</span> <span class='ocrx_word' id='word_1_199' title='bbox 947 3797 1031 3872; x_wconf 57' lang='lat'>535„</span> <span class='ocrx_word' id='word_1_200' title='bbox 1051 3805 1117 3876; x_wconf 73' lang='lat' dir='ltr'>Ed.</span> 
     </span>
     <span class='ocr_line' id='line_1_30' title="bbox 198 3914 622 4016; baseline -0.017 -31"><span class='ocrx_word' id='word_1_201' title='bbox 198 3914 348 3985; x_wconf 78' lang='lat' dir='ltr'>Heideth.</span> <span class='ocrx_word' id='word_1_202' title='bbox 377 3942 493 4016; x_wconf 71' lang='lat' dir='ltr'>nnnxr.</span> <span class='ocrx_word' id='word_1_203' title='bbox 544 4011 546 4015; x_wconf 23' lang='grc' dir='ltr'>Ι</span> <span class='ocrx_word' id='word_1_204' title='bbox 619 3919 622 3925; x_wconf 82' lang='lat'>&#39;</span> 
     </span>
    </p>
   </div>
   <div class='ocr_carea' id='block_1_6' title="bbox 0 0 1277 4710">
    <p class='ocr_par' dir='ltr' id='par_1_6' title="bbox 0 0 1277 4710">
     <span class='ocr_line' id='line_1_31' title="bbox 0 0 1277 4710; baseline 0 0"><span class='ocrx_word' id='word_1_205' title='bbox 0 0 1277 4710; x_wconf 95' lang='lat' dir='ltr'> </span> 
     </span>
    </p>
   </div>
  </div>
 </body>
</html>
