2544 4710
663 410 819 529 (324)

240 583 331 659 datas
355 568 473 685 passim
501 586 572 660 vidi
598 614 710 686 graves
734 592 817 661 uteri
841 586 1106 685 haemorrhagiae
1125 613 1136 676 ;
1157 582 1218 662 aivi

240 708 338 779 etiam
364 704 523 802 blandis,
552 707 608 781 scd
643 709 827 807 promptis,
854 707 1106 806 purgamentis,
1143 733 1218 780 cunr

238 828 417 920 vomitus,
445 841 501 932 aut
526 829 620 902 certis
645 829 764 902 caussis
789 829 905 901 tentari
929 854 995 901 non
1022 829 1145 926 potuit,
1164 840 1217 901 aut

237 975 306 1024 nou
331 946 409 1023 fecit
433 950 539 1023 satis.
567 950 613 1023 Et
638 976 755 1042 nunc,
772 949 853 1024 dum
865 951 924 1023 ista
942 948 1052 1050 scribo
1070 1005 1080 1043 ,
1103 949 1217 1022 abortu

242 1071 396 1146 trimestri
422 1085 600 1170 spontaneo
623 1069 850 1169 prehensam,
876 1083 950 1171 post
975 1085 1089 1168 graves
1130 1096 1219 1168 prar-

227 1191 365 1290 gressos
386 1190 454 1264 alvi
478 1190 635 1285 dolores,
663 1220 682 1264 a
720 1190 906 1264 vehementi
943 1188 1028 1260 uteri
1066 1184 1218 1262 haemor-

241 1308 355 1405 rhagia
394 1297 556 1401 liberavi,
583 1307 659 1381 nive
693 1308 831 1381 contrita
867 1304 1056 1403 refrigerato
1096 1307 1218 1403 saepius

190 1452 195 1460 ·
242 1426 485 1527 hypogastrio,
512 1441 545 1499 et
571 1425 645 1498 salis
668 1424 786 1524 anglici
811 1426 904 1498 uncia
928 1425 1041 1498 statim
1064 1424 1219 1522 propina·

245 1559 275 1619 ta
292 1572 301 1632 ;
321 1545 477 1619 cretaceis
490 1546 532 1617 ita
550 1545 694 1618 faecibus
711 1545 932 1643 copiosissime
948 1543 1102 1617 eductis.
1123 1545 1218 1634 Quae

239 1689 293 1736 res
318 1664 428 1762 magui
454 1663 611 1736 momenti
637 1662 764 1736 dicetur
791 1661 869 1734 alias
892 1662 1083 1759 copiosius.
1123 1660 1213 1732 Vita·

239 1795 273 1857 to
298 1795 413 1855 autem
437 1782 584 1853 uterinae
608 1778 752 1878 periculo
776 1778 1068 1876 haemorrhagiae,
1090 1791 1123 1851 et
1148 1806 1218 1878 pra-

224 1927 365 1975 -rorum
390 1899 572 1974 humorum
597 1901 789 1998 purgatione
815 1896 1022 2000 tranquillato
1049 1897 1218 1970 machinae

213 2021 352 2111 statu,
379 2019 486 2090 omnis
511 2010 692 2090 abortiendi
720 2019 820 2091 timor
853 2018 970 2090 desinit
987 2027 1000 2088 '.
1043 2017 1217 2089 Caeterum

232 2135 365 2210 ,dolores
388 2135 529 2208 abortivi
555 2163 575 2208 a
605 2137 804 2211 torminibus
828 2135 943 2210 alviuis
969 2162 1035 2209 uno
1051 2135 1215 2209 characte-

239 2283 276 2331 re
301 2257 577 2356 distinguuntur,
604 2258 693 2358 quod
721 2260 862 2331 tormina
888 2284 1001 2354 vaga,
1028 2270 1062 2329 et
1101 2257 1217 2330 dubiae

220 2378 327 2450 ,sedis
353 2382 448 2470 sint,
477 2377 617 2452 abortivi
641 2377 769 2451 dolores
794 2406 813 2451 a
836 2377 972 2452 renibus
994 2375 1038 2449 ad
1069 2377 1216 2478 hypoga-

247 2498 364 2570 strium
390 2501 541 2592 statarii,
569 2513 600 2571 et
625 2498 788 2597 regulares
808 2521 833 2573 .·

342 2615 497 2689 LXXV.
527 2617 658 2690 Horum
683 2631 794 2689 antem
818 2631 1082 2716 symptomatum
1103 2600 1218 2716 ’.quae

241 2759 336 2832 saepe
354 2734 493 2808 violenta
518 2734 768 2808 convulsionem
794 2759 910 2834 genera
933 2736 1127 2826 imitantur,
1154 2761 1218 2806 ma·

191 2869 192 2872 ’
240 2857 290 2953 jor
316 2856 505 2953 vespertinis
531 2855 623 2928 horis
646 2854 728 2927 solet
754 2879 822 2926 esse
846 2856 991 2948 ferocia,
1018 2855 1154 2954 quando
1178 2854 1218 2926 al-

240 2979 344 3048 terius
370 2979 497 3074 generis
512 2975 736 3050 convulsiones
757 2974 894 3049 naturali
911 2973 1025 3050 caloris
1041 2976 1219 3050 incremen-

240 3105 307 3185 to,
336 3097 428 3196 quasi
454 3094 545 3167 febre
571 3093 713 3194 quadam
739 3096 953 3191 temporaria,
972 3090 1155 3167 leniuntur.
1175 3091 1220 3164 Ut

242 3212 307 3288 sub
325 3216 402 3313 ipsis
426 3212 535 3286 morbi
561 3213 658 3284 initiis
682 3212 851 3313 manifeste
874 3224 1046 3310 appareat,
1062 3226 1220 3284 venenum

225 3333 437 3410 -variolosum
464 3334 572 3408 calore
596 3334 757 3420 ferocire3
780 3357 880 3432 quem
898 3330 981 3404 mihi
1006 3330 1142 3405 videtur
1155 3333 1217 3403 Na-

195 3550 198 3554 ,
240 3468 318 3527 tura
343 3458 411 3552 ipsa
436 3453 709 3528 convulsionihus
734 3453 825 3547 illis,
853 3452 966 3526 saltem
991 3455 1216 3543 extrinsecus,

240 3586 413 3674 tamquam
439 3576 550 3645 conari
573 3596 779 3668 compescere
799 3597 808 3659 ;
830 3596 907 3642 nam
921 3569 987 3664 ,iis
1004 3566 1215 3658 durantibus,

241 3692 450 3792 refrigerium
475 3691 558 3778 cutis
574 3696 755 3777 universae,
773 3691 947 3763 imminuto
963 3690 1128 3787 sanguinis
1151 3712 1217 3759 mo-

225 3829 291 3908 ·-tu,
311 3800 361 3884 fit.
391 3813 503 3903 Quam
519 3825 600 3910 puto
625 3838 771 3885 caussam
797 3837 857 3884 cur
873 3809 995 3886 felicior
1010 3809 1141 3907 eruptio
1157 3807 1214 3880 fere

239 3937 276 4008 in
291 3931 445 4014 ominbus
470 3931 629 4023 videatur,
645 3932 682 4005 in
700 3932 822 4034 quihus
847 3930 935 4025 illam
951 3927 1128 4033 praecessit
1143 3952 1211 4005 con-
