<?xml version="1.0" encoding="UTF-8"?>
<!DOCTYPE html PUBLIC "-//W3C//DTD XHTML 1.0 Transitional//EN"
    "http://www.w3.org/TR/xhtml1/DTD/xhtml1-transitional.dtd">
<html xmlns="http://www.w3.org/1999/xhtml" xml:lang="en" lang="en">
 <head>
  <title>
</title>
<meta http-equiv="Content-Type" content="text/html;charset=utf-8" />
  <meta name='ocr-system' content='tesseract 3.04.00' />
  <meta name='ocr-capabilities' content='ocr_page ocr_carea ocr_par ocr_line ocrx_word'/>
</head>
<body>
  <div class='ocr_page' id='page_1' title='image "./opusculamedica00cotugoog_0111.png"; bbox 0 0 2544 4710; ppageno 0'>
   <div class='ocr_carea' id='block_1_1' title="bbox 130 379 1146 2212">
    <p class='ocr_par' dir='ltr' id='par_1_1' title="bbox 568 379 726 482">
     <span class='ocr_line' id='line_1_1' title="bbox 568 379 726 482; baseline 0.006 -26"><span class='ocrx_word' id='word_1_1' title='bbox 568 379 678 482; x_wconf 82' lang='lat' dir='ltr'><strong>(roo</strong></span> <span class='ocrx_word' id='word_1_2' title='bbox 698 380 726 480; x_wconf 93' lang='grc'>)</span> 
     </span>
    </p>

    <p class='ocr_par' dir='ltr' id='par_1_2' title="bbox 130 537 1146 2212">
     <span class='ocr_line' id='line_1_2' title="bbox 133 537 1133 642; baseline -0.01 -18"><span class='ocrx_word' id='word_1_3' title='bbox 133 604 146 634; x_wconf 32' lang='lat'><strong>³„</strong></span> <span class='ocrx_word' id='word_1_4' title='bbox 164 549 269 623; x_wconf 77' lang='lat' dir='ltr'><strong>mixta</strong></span> <span class='ocrx_word' id='word_1_5' title='bbox 290 548 377 623; x_wconf 72' lang='lat' dir='ltr'><strong>nris</strong></span> <span class='ocrx_word' id='word_1_6' title='bbox 414 542 523 623; x_wconf 83' lang='lat' dir='ltr'><strong>odoris</strong></span> <span class='ocrx_word' id='word_1_7' title='bbox 542 601 551 639; x_wconf 90' lang='lat'><strong>,</strong></span> <span class='ocrx_word' id='word_1_8' title='bbox 568 541 770 642; x_wconf 74' lang='lat' dir='ltr'><strong>&#39;loturaeque</strong></span> <span class='ocrx_word' id='word_1_9' title='bbox 794 546 900 618; x_wconf 89' lang='lat' dir='ltr'><strong>carnis</strong></span> <span class='ocrx_word' id='word_1_10' title='bbox 937 537 1133 618; x_wconf 77' lang='lat' dir='ltr'><strong>concolori.</strong></span> 
     </span>
     <span class='ocr_line' id='line_1_3' title="bbox 159 662 1143 746; baseline -0.011 -1"><span class='ocrx_word' id='word_1_11' title='bbox 159 672 247 746; x_wconf 77' lang='lat' dir='ltr'><strong>&#39;Erat</strong></span> <span class='ocrx_word' id='word_1_12' title='bbox 272 683 386 744; x_wconf 83' lang='lat' dir='ltr'><strong>autam</strong></span> <span class='ocrx_word' id='word_1_13' title='bbox 410 664 610 745; x_wconf 78' lang='lat' dir='ltr'><strong>ventriculus</strong></span> <span class='ocrx_word' id='word_1_14' title='bbox 634 667 721 739; x_wconf 87' lang='lat' dir='ltr'><strong>circa</strong></span> <span class='ocrx_word' id='word_1_15' title='bbox 754 663 871 738; x_wconf 87' lang='lat' dir='ltr'><strong>bolum</strong></span> <span class='ocrx_word' id='word_1_16' title='bbox 901 665 1047 739; x_wconf 77' lang='lat' dir='ltr'><strong>maxime</strong></span> <span class='ocrx_word' id='word_1_17' title='bbox 1083 662 1143 735; x_wconf 84' lang='lat' dir='ltr'><strong>ad-¹</strong></span> 
     </span>
     <span class='ocr_line' id='line_1_4' title="bbox 165 780 1144 888; baseline -0.009 -25"><span class='ocrx_word' id='word_1_18' title='bbox 165 793 321 866; x_wconf 80' lang='lat' dir='ltr'><strong>strictus:</strong></span> <span class='ocrx_word' id='word_1_19' title='bbox 349 792 445 888; x_wconf 74' lang='lat' dir='ltr'><strong>cujus</strong></span> <span class='ocrx_word' id='word_1_20' title='bbox 469 785 592 863; x_wconf 87' lang='lat' dir='ltr'><strong>callosa</strong></span> <span class='ocrx_word' id='word_1_21' title='bbox 616 786 780 878; x_wconf 89' lang='lat' dir='ltr'><strong>interior,</strong></span> <span class='ocrx_word' id='word_1_22' title='bbox 818 780 997 882; x_wconf 81' lang='lat' dir='ltr'><strong>villosaque</strong></span> <span class='ocrx_word' id='word_1_23' title='bbox 1034 781 1144 854; x_wconf 81' lang='lat' dir='ltr'><strong>tunica</strong></span> 
     </span>
     <span class='ocr_line' id='line_1_5' title="bbox 163 903 1143 1014; baseline -0.011 -31"><span class='ocrx_word' id='word_1_24' title='bbox 163 937 189 983; x_wconf 88' lang='lat' dir='ltr'><strong>a.</strong></span> <span class='ocrx_word' id='word_1_25' title='bbox 208 909 345 1014; x_wconf 79' lang='lat' dir='ltr'><strong>reliquis</strong></span> <span class='ocrx_word' id='word_1_26' title='bbox 371 908 544 986; x_wconf 84' lang='lat' dir='ltr'><strong>ventriculi</strong></span> <span class='ocrx_word' id='word_1_27' title='bbox 567 903 755 999; x_wconf 52' lang='lat' dir='ltr'><strong>carnibus»,</strong></span> <span class='ocrx_word' id='word_1_28' title='bbox 783 905 877 1004; x_wconf 88' lang='lat' dir='ltr'><strong>quasi</strong></span> <span class='ocrx_word' id='word_1_29' title='bbox 911 903 1069 976; x_wconf 85' lang='lat' dir='ltr'><strong>caustico.</strong></span> <span class='ocrx_word' id='word_1_30' title='bbox 1093 915 1143 972; x_wconf 80' lang='lat' dir='ltr'><strong>ta·</strong></span> 
     </span>
     <span class='ocr_line' id='line_1_6' title="bbox 164 1019 1144 1126; baseline -0.011 -22"><span class='ocrx_word' id='word_1_31' title='bbox 164 1042 248 1122; x_wconf 85' lang='lat' dir='ltr'><strong>cta,</strong></span> <span class='ocrx_word' id='word_1_32' title='bbox 276 1019 450 1101; x_wconf 76' lang='lat' dir='ltr'><strong>secesserat</strong></span> <span class='ocrx_word' id='word_1_33' title='bbox 474 1028 548 1120; x_wconf 88' lang='lat' dir='ltr'><strong>sic,</strong></span> <span class='ocrx_word' id='word_1_34' title='bbox 575 1040 613 1126; x_wconf 77' lang='lat' dir='ltr'><strong>ut</strong></span> <span class='ocrx_word' id='word_1_35' title='bbox 639 1024 752 1098; x_wconf 90' lang='lat' dir='ltr'><strong>leniter</strong></span> <span class='ocrx_word' id='word_1_36' title='bbox 777 1022 912 1096; x_wconf 85' lang='lat' dir='ltr'><strong>malcita</strong></span> <span class='ocrx_word' id='word_1_37' title='bbox 936 1021 1064 1119; x_wconf 81' lang='lat' dir='ltr'>integre</span> <span class='ocrx_word' id='word_1_38' title='bbox 1084 1021 1144 1094; x_wconf 66' lang='lat' dir='ltr'><strong>de*</strong></span> 
     </span>
     <span class='ocr_line' id='line_1_7' title="bbox 165 1126 1145 1243; baseline -0.007 -18"><span class='ocrx_word' id='word_1_39' title='bbox 165 1149 287 1224; x_wconf 79' lang='lat' dir='ltr'><strong>cideret</strong></span> <span class='ocrx_word' id='word_1_40' title='bbox 308 1203 318 1220; x_wconf 87' lang='lat'><strong>.</strong></span> <span class='ocrx_word' id='word_1_41' title='bbox 345 1147 487 1220; x_wconf 86' lang='lat' dir='ltr'><strong>Fluidus</strong></span> <span class='ocrx_word' id='word_1_42' title='bbox 510 1163 580 1221; x_wconf 85' lang='lat' dir='ltr'><strong>erat</strong></span> <span class='ocrx_word' id='word_1_43' title='bbox 605 1126 742 1218; x_wconf 87' lang='lat' dir='ltr'><strong>omnino</strong></span> <span class='ocrx_word' id='word_1_44' title='bbox 758 1144 888 1243; x_wconf 84' lang='lat' dir='ltr'><strong>sanguis</strong></span> <span class='ocrx_word' id='word_1_45' title='bbox 907 1199 918 1238; x_wconf 96' lang='lat'><strong>,</strong></span> <span class='ocrx_word' id='word_1_46' title='bbox 934 1169 1145 1242; x_wconf 86' lang='lat' dir='ltr'><strong>grumorum-</strong></span> 
     </span>
     <span class='ocr_line' id='line_1_8' title="bbox 130 1265 1146 1371; baseline -0.004 -28"><span class='ocrx_word' id='word_1_47' title='bbox 130 1312 138 1330; x_wconf 48' lang='grc' dir='ltr'><em>κ</em></span> <span class='ocrx_word' id='word_1_48' title='bbox 164 1298 232 1371; x_wconf 87' lang='lat' dir='ltr'><strong>que</strong></span> <span class='ocrx_word' id='word_1_49' title='bbox 257 1293 402 1370; x_wconf 81' lang='lat' dir='ltr'><strong>expers,</strong></span> <span class='ocrx_word' id='word_1_50' title='bbox 429 1297 530 1370; x_wconf 90' lang='lat' dir='ltr'><strong>quem</strong></span> <span class='ocrx_word' id='word_1_51' title='bbox 556 1298 576 1343; x_wconf 93' lang='lat' dir='ltr'><strong>a</strong></span> <span class='ocrx_word' id='word_1_52' title='bbox 596 1266 746 1341; x_wconf 83' lang='lat' dir='ltr'><strong>dissectis</strong></span> <span class='ocrx_word' id='word_1_53' title='bbox 769 1266 944 1345; x_wconf 76' lang='lat' dir='ltr'><strong>eduximus</strong></span> <span class='ocrx_word' id='word_1_54' title='bbox 968 1265 1079 1339; x_wconf 85' lang='lat' dir='ltr'><strong>cordis</strong></span> <span class='ocrx_word' id='word_1_55' title='bbox 1093 1293 1146 1339; x_wconf 87' lang='lat' dir='ltr'><strong>ca-</strong></span> 
     </span>
     <span class='ocr_line' id='line_1_9' title="bbox 165 1382 1146 1488; baseline -0.005 -26"><span class='ocrx_word' id='word_1_56' title='bbox 165 1390 266 1480; x_wconf 77' lang='lat' dir='ltr'><strong>veis,</strong></span> <span class='ocrx_word' id='word_1_57' title='bbox 292 1388 442 1488; x_wconf 82' lang='lat' dir='ltr'>vasisque</span> <span class='ocrx_word' id='word_1_58' title='bbox 467 1387 611 1460; x_wconf 86' lang='lat' dir='ltr'><strong>vicinis:</strong></span> <span class='ocrx_word' id='word_1_59' title='bbox 639 1385 799 1485; x_wconf 89' lang='lat' dir='ltr'><strong>inquo,</strong></span> <span class='ocrx_word' id='word_1_60' title='bbox 826 1382 1021 1458; x_wconf 86' lang='lat' dir='ltr'><strong>adhucdum</strong></span> <span class='ocrx_word' id='word_1_61' title='bbox 1063 1386 1146 1460; x_wconf 81' lang='lat' dir='ltr'><strong>vasio</strong></span> 
     </span>
     <span class='ocr_line' id='line_1_10' title="bbox 163 1503 1144 1607; baseline -0.004 -23"><span class='ocrx_word' id='word_1_62' title='bbox 163 1510 384 1601; x_wconf 73' lang='lat' dir='ltr'><strong>inhaerente,</strong></span> <span class='ocrx_word' id='word_1_63' title='bbox 411 1507 577 1607; x_wconf 86' lang='lat' dir='ltr'><strong>plusculae</strong></span> <span class='ocrx_word' id='word_1_64' title='bbox 603 1506 806 1581; x_wconf 86' lang='lat' dir='ltr'><strong>videbantur</strong></span> <span class='ocrx_word' id='word_1_65' title='bbox 830 1503 893 1578; x_wconf 90' lang='lat' dir='ltr'><strong>olei</strong></span> <span class='ocrx_word' id='word_1_66' title='bbox 920 1505 1074 1603; x_wconf 81' lang='lat' dir='ltr'><strong>guttulae</strong></span> <span class='ocrx_word' id='word_1_67' title='bbox 1091 1529 1144 1580; x_wconf 75' lang='lat' dir='ltr'><strong>su·</strong></span> 
     </span>
     <span class='ocr_line' id='line_1_11' title="bbox 166 1627 1146 1732; baseline -0.007 -27"><span class='ocrx_word' id='word_1_68' title='bbox 166 1657 335 1732; x_wconf 78' lang='lat' dir='ltr'><strong>pernare.</strong></span> <span class='ocrx_word' id='word_1_69' title='bbox 364 1629 426 1704; x_wconf 89' lang='lat' dir='ltr'><strong>His</strong></span> <span class='ocrx_word' id='word_1_70' title='bbox 451 1631 630 1730; x_wconf 80' lang='lat' dir='ltr'><strong>perspectis</strong></span> <span class='ocrx_word' id='word_1_71' title='bbox 654 1643 688 1701; x_wconf 81' lang='lat' dir='ltr'><strong>et</strong></span> <span class='ocrx_word' id='word_1_72' title='bbox 712 1656 790 1702; x_wconf 92' lang='lat' dir='ltr'><strong>cum</strong></span> <span class='ocrx_word' id='word_1_73' title='bbox 824 1629 972 1726; x_wconf 87' lang='lat' dir='ltr'><strong>primum</strong></span> <span class='ocrx_word' id='word_1_74' title='bbox 1005 1627 1146 1705; x_wconf 31' lang='lat' dir='ltr'><strong>,institui-</strong></span> 
     </span>
     <span class='ocr_line' id='line_1_12' title="bbox 163 1737 1146 1848; baseline -0.008 -20"><span class='ocrx_word' id='word_1_75' title='bbox 163 1780 268 1848; x_wconf 87' lang='lat' dir='ltr'><strong>mus,</strong></span> <span class='ocrx_word' id='word_1_76' title='bbox 297 1767 329 1824; x_wconf 83' lang='lat' dir='ltr'><strong>et</strong></span> <span class='ocrx_word' id='word_1_77' title='bbox 355 1777 434 1827; x_wconf 92' lang='lat' dir='ltr'><strong>cum</strong></span> <span class='ocrx_word' id='word_1_78' title='bbox 458 1751 558 1823; x_wconf 87' lang='lat' dir='ltr'><strong>altera</strong></span> <span class='ocrx_word' id='word_1_79' title='bbox 583 1751 655 1825; x_wconf 86' lang='lat' dir='ltr'><strong>vice</strong></span> <span class='ocrx_word' id='word_1_80' title='bbox 692 1737 908 1848; x_wconf 87' lang='lat' dir='ltr'><strong>repetivimus</strong></span> <span class='ocrx_word' id='word_1_81' title='bbox 942 1742 1146 1846; x_wconf 78' lang='lat' dir='ltr'><strong>experimen·</strong></span> 
     </span>
     <span class='ocr_line' id='line_1_13' title="bbox 164 1871 1143 1972; baseline -0.004 -26"><span class='ocrx_word' id='word_1_82' title='bbox 164 1888 266 1968; x_wconf 89' lang='lat' dir='ltr'><strong>tum,</strong></span> <span class='ocrx_word' id='word_1_83' title='bbox 294 1872 456 1970; x_wconf 83' lang='lat' dir='ltr'><strong>singulare</strong></span> <span class='ocrx_word' id='word_1_84' title='bbox 480 1874 683 1972; x_wconf 88' lang='lat' dir='ltr'><strong>subjecimus</strong></span> <span class='ocrx_word' id='word_1_85' title='bbox 706 1885 902 1965; x_wconf 85' lang='lat' dir='ltr'><strong>tentameu,</strong></span> <span class='ocrx_word' id='word_1_86' title='bbox 928 1873 1026 1970; x_wconf 64' lang='lat' dir='ltr'><strong>cuijus</strong></span> <span class='ocrx_word' id='word_1_87' title='bbox 1048 1871 1143 1945; x_wconf 74' lang='lat' dir='ltr'><strong>&#39;enti-</strong></span> 
     </span>
     <span class='ocr_line' id='line_1_14' title="bbox 168 1981 1143 2091; baseline -0.007 -23"><span class='ocrx_word' id='word_1_88' title='bbox 168 1981 248 2068; x_wconf 85' lang='lat' dir='ltr'><strong>tere</strong></span> <span class='ocrx_word' id='word_1_89' title='bbox 265 1994 404 2067; x_wconf 84' lang='lat' dir='ltr'><strong>effectus</strong></span> <span class='ocrx_word' id='word_1_90' title='bbox 420 1998 597 2068; x_wconf 77' lang='lat' dir='ltr'><strong>attentione</strong></span> <span class='ocrx_word' id='word_1_91' title='bbox 611 1992 792 2091; x_wconf 75' lang='lat' dir='ltr'><strong>dignissimi</strong></span> <span class='ocrx_word' id='word_1_92' title='bbox 813 2046 821 2062; x_wconf 88' lang='lat'><strong>.</strong></span> <span class='ocrx_word' id='word_1_93' title='bbox 842 1992 933 2065; x_wconf 82' lang='lat' dir='ltr'><strong>Nam</strong></span> <span class='ocrx_word' id='word_1_94' title='bbox 948 1991 1067 2064; x_wconf 85' lang='lat' dir='ltr'><strong>bolum</strong></span> <span class='ocrx_word' id='word_1_95' title='bbox 1081 1986 1143 2090; x_wconf 86' lang='lat' dir='ltr'><strong>opii</strong></span> 
     </span>
     <span class='ocr_line' id='line_1_15' title="bbox 163 2107 1142 2212; baseline 0.003 -26"><span class='ocrx_word' id='word_1_96' title='bbox 163 2142 184 2186; x_wconf 87' lang='lat' dir='ltr'><strong>a</strong></span> <span class='ocrx_word' id='word_1_97' title='bbox 208 2114 387 2188; x_wconf 86' lang='lat' dir='ltr'><strong>ventriculo</strong></span> <span class='ocrx_word' id='word_1_98' title='bbox 413 2129 621 2208; x_wconf 84' lang='lat' dir='ltr'><strong>extractum,</strong></span> <span class='ocrx_word' id='word_1_99' title='bbox 649 2129 683 2187; x_wconf 88' lang='lat' dir='ltr'><strong>et</strong></span> <span class='ocrx_word' id='word_1_100' title='bbox 700 2107 844 2212; x_wconf 79' lang='lat' dir='ltr'><strong>ingluvie</strong></span> <span class='ocrx_word' id='word_1_101' title='bbox 885 2112 1064 2189; x_wconf 84' lang='lat' dir='ltr'><strong>defunctae</strong></span> <span class='ocrx_word' id='word_1_102' title='bbox 1089 2126 1142 2188; x_wconf 80' lang='lat' dir='ltr'><strong>cu·</strong></span> 
     </span>
    </p>
   </div>
   <div class='ocr_carea' id='block_1_2' title="bbox 163 2230 1151 2331">
    <p class='ocr_par' dir='ltr' id='par_1_3' title="bbox 163 2230 1151 2331">
     <span class='ocr_line' id='line_1_16' title="bbox 163 2230 1151 2331; baseline 0 -27"><span class='ocrx_word' id='word_1_103' title='bbox 163 2233 347 2328; x_wconf 87' lang='lat' dir='ltr'><strong>thumicis,</strong></span> <span class='ocrx_word' id='word_1_104' title='bbox 374 2234 495 2307; x_wconf 87' lang='lat' dir='ltr'><strong>iterum</strong></span> <span class='ocrx_word' id='word_1_105' title='bbox 522 2232 762 2331; x_wconf 88' lang='lat' dir='ltr'><strong>ponderatum,</strong></span> <span class='ocrx_word' id='word_1_106' title='bbox 781 2230 954 2331; x_wconf 83' lang='lat' dir='ltr'><strong>pristinum</strong></span> <span class='ocrx_word' id='word_1_107' title='bbox 965 2246 1151 2331; x_wconf 81' lang='lat' dir='ltr'><strong>granorum</strong></span> 
     </span>
    </p>
   </div>
   <div class='ocr_carea' id='block_1_3' title="bbox 124 2352 1143 3054">
    <p class='ocr_par' dir='ltr' id='par_1_4' title="bbox 124 2352 1143 3054">
     <span class='ocr_line' id='line_1_17' title="bbox 165 2352 1143 2452; baseline -0.001 -26"><span class='ocrx_word' id='word_1_108' title='bbox 165 2355 343 2428; x_wconf 87' lang='lat' dir='ltr'><strong>duodecim</strong></span> <span class='ocrx_word' id='word_1_109' title='bbox 369 2378 499 2430; x_wconf 83' lang='lat' dir='ltr'><strong>servare</strong></span> <span class='ocrx_word' id='word_1_110' title='bbox 523 2352 654 2451; x_wconf 88' lang='lat' dir='ltr'><strong>pondus</strong></span> <span class='ocrx_word' id='word_1_111' title='bbox 678 2368 886 2452; x_wconf 86' lang='lat' dir='ltr'><strong>compertum</strong></span> <span class='ocrx_word' id='word_1_112' title='bbox 911 2367 988 2427; x_wconf 87' lang='lat' dir='ltr'><strong>est.</strong></span> <span class='ocrx_word' id='word_1_113' title='bbox 1015 2352 1143 2426; x_wconf 84' lang='lat' dir='ltr'><strong>Deinde</strong></span> 
     </span>
     <span class='ocr_line' id='line_1_18' title="bbox 124 2453 1142 2573; baseline -0.001 -26"><span class='ocrx_word' id='word_1_114' title='bbox 124 2494 129 2504; x_wconf 91' lang='grc'><em>’</em></span> <span class='ocrx_word' id='word_1_115' title='bbox 163 2474 254 2548; x_wconf 92' lang='lat' dir='ltr'><strong>hunc</strong></span> <span class='ocrx_word' id='word_1_116' title='bbox 279 2477 388 2572; x_wconf 90' lang='lat' dir='ltr'><strong>ipsum</strong></span> <span class='ocrx_word' id='word_1_117' title='bbox 412 2476 480 2573; x_wconf 90' lang='lat' dir='ltr'><strong>opii</strong></span> <span class='ocrx_word' id='word_1_118' title='bbox 504 2456 647 2566; x_wconf 86' lang='lat' dir='ltr'><strong>hoium,</strong></span> <span class='ocrx_word' id='word_1_119' title='bbox 673 2473 765 2544; x_wconf 83' lang='lat' dir='ltr'><strong>alteri</strong></span> <span class='ocrx_word' id='word_1_120' title='bbox 791 2453 978 2569; x_wconf 79' lang='lat' dir='ltr'><strong>cothurnici</strong></span> <span class='ocrx_word' id='word_1_121' title='bbox 994 2474 1142 2572; x_wconf 88' lang='lat' dir='ltr'><strong>petulan-</strong></span> 
     </span>
     <span class='ocr_line' id='line_1_19' title="bbox 165 2581 1141 2692; baseline -0.003 -27"><span class='ocrx_word' id='word_1_122' title='bbox 165 2595 308 2666; x_wconf 84' lang='lat' dir='ltr'><strong>tissimae</strong></span> <span class='ocrx_word' id='word_1_123' title='bbox 331 2581 552 2692; x_wconf 81' lang='lat' dir='ltr'><strong>ingessimus.</strong></span> <span class='ocrx_word' id='word_1_124' title='bbox 581 2593 677 2682; x_wconf 86' lang='lat' dir='ltr'><strong>Quae</strong></span> <span class='ocrx_word' id='word_1_125' title='bbox 693 2607 804 2664; x_wconf 86' lang='lat' dir='ltr'><strong>tamen</strong></span> <span class='ocrx_word' id='word_1_126' title='bbox 828 2591 1006 2664; x_wconf 73' lang='lat' dir='ltr'><strong>cothurnis</strong></span> <span class='ocrx_word' id='word_1_127' title='bbox 1030 2612 1141 2692; x_wconf 86' lang='lat' dir='ltr'><strong>quam·</strong></span> 
     </span>
     <span class='ocr_line' id='line_1_20' title="bbox 163 2710 1141 2810; baseline 0 -26"><span class='ocrx_word' id='word_1_128' title='bbox 163 2710 401 2810; x_wconf 88' lang='lat' dir='ltr'><strong>quamprimo</strong></span> <span class='ocrx_word' id='word_1_129' title='bbox 425 2725 575 2809; x_wconf 87' lang='lat' dir='ltr'><strong>tempore</strong></span> <span class='ocrx_word' id='word_1_130' title='bbox 598 2710 772 2808; x_wconf 90' lang='lat' dir='ltr'><strong>paululum</strong></span> <span class='ocrx_word' id='word_1_131' title='bbox 800 2710 981 2787; x_wconf 85' lang='lat' dir='ltr'><strong>temulenta</strong></span> <span class='ocrx_word' id='word_1_132' title='bbox 1020 2711 1141 2787; x_wconf 85' lang='lat' dir='ltr'><strong>videre-</strong></span> 
     </span>
     <span class='ocr_line' id='line_1_21' title="bbox 163 2823 1140 2936; baseline 0 -30"><span class='ocrx_word' id='word_1_133' title='bbox 163 2845 248 2928; x_wconf 87' lang='lat' dir='ltr'><strong>tur,</strong></span> <span class='ocrx_word' id='word_1_134' title='bbox 276 2858 356 2905; x_wconf 88' lang='lat' dir='ltr'><strong>mox</strong></span> <span class='ocrx_word' id='word_1_135' title='bbox 380 2845 492 2936; x_wconf 85' lang='lat' dir='ltr'><strong>tamen</strong></span> <span class='ocrx_word' id='word_1_136' title='bbox 515 2835 674 2932; x_wconf 81' lang='lat' dir='ltr'><strong>resipuit,</strong></span> <span class='ocrx_word' id='word_1_137' title='bbox 701 2834 936 2934; x_wconf 88' lang='lat' dir='ltr'><strong>pristinamque</strong></span> <span class='ocrx_word' id='word_1_138' title='bbox 960 2823 1140 2908; x_wconf 78' lang='lat' dir='ltr'><strong>constanter</strong></span> 
     </span>
     <span class='ocr_line' id='line_1_22' title="bbox 162 2953 1141 3054; baseline 0.002 -28"><span class='ocrx_word' id='word_1_139' title='bbox 162 2955 364 3028; x_wconf 80' lang='lat' dir='ltr'><strong>alacritatem</strong></span> <span class='ocrx_word' id='word_1_140' title='bbox 389 2953 555 3028; x_wconf 84' lang='lat' dir='ltr'><strong>ostendit.</strong></span> <span class='ocrx_word' id='word_1_141' title='bbox 582 2954 675 3054; x_wconf 83' lang='lat' dir='ltr'><strong>Vixit</strong></span> <span class='ocrx_word' id='word_1_142' title='bbox 698 2953 775 3026; x_wconf 86' lang='lat' dir='ltr'><strong>inde</strong></span> <span class='ocrx_word' id='word_1_143' title='bbox 798 2953 911 3028; x_wconf 88' lang='lat' dir='ltr'><strong>alacris</strong></span> <span class='ocrx_word' id='word_1_144' title='bbox 936 2958 1094 3053; x_wconf 89' lang='lat' dir='ltr'><strong>omnino,</strong></span> <span class='ocrx_word' id='word_1_145' title='bbox 1111 2968 1141 3028; x_wconf 86' lang='lat' dir='ltr'><strong>et</strong></span> 
     </span>
    </p>
   </div>
   <div class='ocr_carea' id='block_1_4' title="bbox 161 3069 1186 3171">
    <p class='ocr_par' dir='ltr' id='par_1_5' title="bbox 161 3069 1186 3171">
     <span class='ocr_line' id='line_1_23' title="bbox 161 3069 1186 3171; baseline 0.007 -25"><span class='ocrx_word' id='word_1_146' title='bbox 161 3071 246 3158; x_wconf 86' lang='lat' dir='ltr'><strong>nihil</strong></span> <span class='ocrx_word' id='word_1_147' title='bbox 269 3073 424 3171; x_wconf 87' lang='lat' dir='ltr'><strong>patiens,</strong></span> <span class='ocrx_word' id='word_1_148' title='bbox 450 3069 539 3171; x_wconf 87' lang='lat' dir='ltr'><strong>apud</strong></span> <span class='ocrx_word' id='word_1_149' title='bbox 562 3097 627 3146; x_wconf 90' lang='lat' dir='ltr'><strong>nos</strong></span> <span class='ocrx_word' id='word_1_150' title='bbox 642 3071 746 3146; x_wconf 89' lang='lat' dir='ltr'><strong>donoc</strong></span> <span class='ocrx_word' id='word_1_151' title='bbox 761 3070 950 3170; x_wconf 76' lang='lat' dir='ltr'><strong>voluimus,</strong></span> <span class='ocrx_word' id='word_1_152' title='bbox 978 3079 1136 3170; x_wconf 80' lang='lat' dir='ltr'><strong>mensem,</strong></span> <span class='ocrx_word' id='word_1_153' title='bbox 1183 3158 1186 3165; x_wconf 63' lang='grc'>,</span> 
     </span>
    </p>
   </div>
   <div class='ocr_carea' id='block_1_5' title="bbox 54 3188 1139 3658">
    <p class='ocr_par' dir='ltr' id='par_1_6' title="bbox 54 3188 1139 3658">
     <span class='ocr_line' id='line_1_24' title="bbox 153 3188 1139 3289; baseline 0.005 -26"><span class='ocrx_word' id='word_1_154' title='bbox 153 3199 197 3264; x_wconf 80' lang='lat' dir='ltr'><strong>&#39;ot</strong></span> <span class='ocrx_word' id='word_1_155' title='bbox 221 3190 334 3266; x_wconf 88' lang='lat' dir='ltr'><strong>ultra.</strong></span> <span class='ocrx_word' id='word_1_156' title='bbox 362 3188 451 3262; x_wconf 89' lang='lat' dir='ltr'><strong>Mihi</strong></span> <span class='ocrx_word' id='word_1_157' title='bbox 476 3217 564 3264; x_wconf 90' lang='lat' dir='ltr'><strong>nunc</strong></span> <span class='ocrx_word' id='word_1_158' title='bbox 587 3190 624 3262; x_wconf 89' lang='lat' dir='ltr'><strong>in</strong></span> <span class='ocrx_word' id='word_1_159' title='bbox 660 3192 772 3264; x_wconf 88' lang='lat' dir='ltr'><strong>animo</strong></span> <span class='ocrx_word' id='word_1_160' title='bbox 798 3219 865 3267; x_wconf 90' lang='lat' dir='ltr'><strong>non</strong></span> <span class='ocrx_word' id='word_1_161' title='bbox 895 3209 943 3267; x_wconf 90' lang='lat' dir='ltr'><strong>est</strong></span> <span class='ocrx_word' id='word_1_162' title='bbox 963 3214 981 3289; x_wconf 78' lang='lat'><strong>,&#39;</strong></span> <span class='ocrx_word' id='word_1_163' title='bbox 1001 3197 1046 3269; x_wconf 90' lang='lat' dir='ltr'><strong>ad</strong></span> <span class='ocrx_word' id='word_1_164' title='bbox 1083 3194 1139 3270; x_wconf 86' lang='lat' dir='ltr'><strong>alio</strong></span> 
     </span>
     <span class='ocr_line' id='line_1_25' title="bbox 160 3308 1139 3410; baseline 0.005 -27"><span class='ocrx_word' id='word_1_165' title='bbox 160 3311 374 3409; x_wconf 83' lang='lat' dir='ltr'><strong>properanti,</strong></span> <span class='ocrx_word' id='word_1_166' title='bbox 401 3334 488 3410; x_wconf 87' lang='lat' dir='ltr'><strong>quae</strong></span> <span class='ocrx_word' id='word_1_167' title='bbox 512 3308 556 3381; x_wconf 90' lang='lat' dir='ltr'><strong>ad</strong></span> <span class='ocrx_word' id='word_1_168' title='bbox 579 3323 768 3410; x_wconf 86' lang='lat' dir='ltr'><strong>susceptum</strong></span> <span class='ocrx_word' id='word_1_169' title='bbox 792 3325 938 3409; x_wconf 79' lang='lat' dir='ltr'><strong>spectant</strong></span> <span class='ocrx_word' id='word_1_170' title='bbox 963 3312 1006 3387; x_wconf 89' lang='lat' dir='ltr'><strong>de</strong></span> <span class='ocrx_word' id='word_1_171' title='bbox 1031 3314 1139 3391; x_wconf 88' lang='lat' dir='ltr'><strong>ischia·</strong></span> 
     </span>
     <span class='ocr_line' id='line_1_26' title="bbox 165 3429 1138 3531; baseline 0.012 -30"><span class='ocrx_word' id='word_1_172' title='bbox 165 3429 208 3502; x_wconf 90' lang='lat' dir='ltr'><strong>de</strong></span> <span class='ocrx_word' id='word_1_173' title='bbox 233 3455 452 3527; x_wconf 84' lang='lat' dir='ltr'><strong>sermonem,</strong></span> <span class='ocrx_word' id='word_1_174' title='bbox 483 3457 544 3527; x_wconf 91' lang='lat' dir='ltr'><strong>ea,</strong></span> <span class='ocrx_word' id='word_1_175' title='bbox 572 3457 656 3531; x_wconf 89' lang='lat' dir='ltr'><strong>quae</strong></span> <span class='ocrx_word' id='word_1_176' title='bbox 680 3444 842 3530; x_wconf 87' lang='lat' dir='ltr'><strong>possent,</strong></span> <span class='ocrx_word' id='word_1_177' title='bbox 882 3435 991 3508; x_wconf 91' lang='lat' dir='ltr'><strong>omnia</strong></span> <span class='ocrx_word' id='word_1_178' title='bbox 1017 3464 1059 3513; x_wconf 89' lang='lat' dir='ltr'><strong>ex</strong></span> <span class='ocrx_word' id='word_1_179' title='bbox 1093 3434 1138 3512; x_wconf 82' lang='lat' dir='ltr'><strong>his</strong></span> 
     </span>
     <span class='ocr_line' id='line_1_27' title="bbox 54 3549 1138 3658; baseline 0.01 -36"><span class='ocrx_word' id='word_1_180' title='bbox 54 3613 58 3622; x_wconf 91' lang='lat'>.</span> <span class='ocrx_word' id='word_1_181' title='bbox 165 3549 329 3637; x_wconf 88' lang='lat' dir='ltr'><strong>deducere</strong></span> <span class='ocrx_word' id='word_1_182' title='bbox 353 3554 614 3651; x_wconf 78' lang='lat' dir='ltr'><strong>experimentis:</strong></span> <span class='ocrx_word' id='word_1_183' title='bbox 641 3552 736 3631; x_wconf 89' lang='lat' dir='ltr'><strong>devia</strong></span> <span class='ocrx_word' id='word_1_184' title='bbox 768 3582 913 3658; x_wconf 88' lang='lat' dir='ltr'><strong>namque</strong></span> <span class='ocrx_word' id='word_1_185' title='bbox 946 3571 1050 3658; x_wconf 83' lang='lat' dir='ltr'><strong>cogor</strong></span> <span class='ocrx_word' id='word_1_186' title='bbox 1088 3559 1138 3632; x_wconf 87' lang='lat' dir='ltr'><strong>de-</strong></span> 
     </span>
    </p>
   </div>
   <div class='ocr_carea' id='block_1_6' title="bbox 165 3663 1186 3777">
    <p class='ocr_par' dir='ltr' id='par_1_7' title="bbox 165 3663 1186 3777">
     <span class='ocr_line' id='line_1_28' title="bbox 165 3663 1186 3777; baseline 0.006 -33"><span class='ocrx_word' id='word_1_187' title='bbox 165 3666 318 3744; x_wconf 86' lang='lat' dir='ltr'><strong>clinare.</strong></span> <span class='ocrx_word' id='word_1_188' title='bbox 344 3670 432 3777; x_wconf 75' lang='lat' dir='ltr'><strong>Satis</strong></span> <span class='ocrx_word' id='word_1_189' title='bbox 466 3686 611 3747; x_wconf 88' lang='lat' dir='ltr'><strong>attamen</strong></span> <span class='ocrx_word' id='word_1_190' title='bbox 627 3671 720 3754; x_wconf 78' lang='lat' dir='ltr'><strong>,mihi</strong></span> <span class='ocrx_word' id='word_1_191' title='bbox 740 3672 873 3750; x_wconf 51' lang='lat' dir='ltr'><strong>‘tament</strong></span> <span class='ocrx_word' id='word_1_192' title='bbox 904 3663 1087 3756; x_wconf 83' lang='lat' dir='ltr'><strong>dmnmodo</strong></span> <span class='ocrx_word' id='word_1_193' title='bbox 1104 3673 1139 3750; x_wconf 86' lang='lat' dir='ltr'><strong>e·</strong></span> <span class='ocrx_word' id='word_1_194' title='bbox 1175 3702 1186 3723; x_wconf 87' lang='grc'><em>·</em></span> 
     </span>
    </p>
   </div>
   <div class='ocr_carea' id='block_1_7' title="bbox 87 3790 1137 4018">
    <p class='ocr_par' dir='ltr' id='par_1_8' title="bbox 87 3790 1137 4018">
     <span class='ocr_line' id='line_1_29' title="bbox 164 3790 1137 3897; baseline 0.005 -29"><span class='ocrx_word' id='word_1_195' title='bbox 164 3792 325 3888; x_wconf 80' lang='lat' dir='ltr'><strong>vincant,</strong></span> <span class='ocrx_word' id='word_1_196' title='bbox 353 3790 420 3890; x_wconf 90' lang='lat' dir='ltr'><strong>opii</strong></span> <span class='ocrx_word' id='word_1_197' title='bbox 444 3817 509 3865; x_wconf 90' lang='lat' dir='ltr'><strong>usu</strong></span> <span class='ocrx_word' id='word_1_198' title='bbox 534 3790 608 3866; x_wconf 89' lang='lat' dir='ltr'><strong>hilis</strong></span> <span class='ocrx_word' id='word_1_199' title='bbox 632 3791 770 3871; x_wconf 87' lang='lat' dir='ltr'><strong>uberem</strong></span> <span class='ocrx_word' id='word_1_200' title='bbox 809 3792 969 3897; x_wconf 80' lang='lat' dir='ltr'><strong>copiam,</strong></span> <span class='ocrx_word' id='word_1_201' title='bbox 1009 3821 1137 3876; x_wconf 68' lang='lat' dir='ltr'><strong>consue</strong></span> 
     </span>
     <span class='ocr_line' id='line_1_30' title="bbox 87 3901 1088 4018; baseline 0.007 -33"><span class='ocrx_word' id='word_1_202' title='bbox 87 3961 90 3968; x_wconf 85' lang='lat'>·</span> <span class='ocrx_word' id='word_1_203' title='bbox 138 3914 265 4014; x_wconf 81' lang='lat' dir='ltr'><strong>&#39;toque</strong></span> <span class='ocrx_word' id='word_1_204' title='bbox 288 3904 450 4018; x_wconf 77' lang='lat' dir='ltr'><strong>mojorem</strong></span> <span class='ocrx_word' id='word_1_205' title='bbox 474 3914 622 3994; x_wconf 85' lang='lat' dir='ltr'><strong>intestina</strong></span> <span class='ocrx_word' id='word_1_206' title='bbox 644 3913 797 4016; x_wconf 77' lang='lat' dir='ltr'><strong>ingredi.</strong></span> <span class='ocrx_word' id='word_1_207' title='bbox 1019 3934 1022 3939; x_wconf 81' lang='grc'><strong>’</strong></span> <span class='ocrx_word' id='word_1_208' title='bbox 1086 3901 1088 3905; x_wconf 45' lang='grc'><strong>’</strong></span> 
     </span>
    </p>
   </div>
   <div class='ocr_carea' id='block_1_8' title="bbox 1176 4294 1186 4631">
    <p class='ocr_par' dir='ltr' id='par_1_9' title="bbox 1176 4000 1186 4631">
     <span class='ocr_line' id='line_1_31' title="bbox 1176 4294 1186 4631; baseline 0 0"><span class='ocrx_word' id='word_1_209' title='bbox 1176 4294 1186 4631; x_wconf 69' lang='lat' dir='ltr'><strong>i</strong></span> 
     </span>
    </p>
   </div>
   <div class='ocr_carea' id='block_1_9' title="bbox 0 0 1276 4710">
    <p class='ocr_par' dir='ltr' id='par_1_10' title="bbox 0 0 1276 4710">
     <span class='ocr_line' id='line_1_32' title="bbox 0 0 1276 4710; baseline 0 1"><span class='ocrx_word' id='word_1_210' title='bbox 0 0 1276 4710; x_wconf 95' lang='lat' dir='ltr'><strong> </strong></span> 
     </span>
    </p>
   </div>
  </div>
 </body>
</html>
