2544 4710
474 421 634 536 (323)

50 591 117 687 ⁴,qui
136 596 265 664 recens
279 588 408 666 Iratam
432 607 564 666 venerat
584 648 595 686 ‚
615 588 754 665 maridis
778 589 879 665 dubie
919 590 1034 664 imini-

51 709 242 804 nentibus,
268 735 409 810 purgans
450 711 634 785 remedium
667 714 938 811 praeparaverit.
968 708 1037 783 sed
1149 791 1159 804 ,

47 848 97 899 ‘ea
121 827 274 905 dolorum
300 830 363 904 alvi
390 829 433 903 ab
453 829 515 903 illo
539 831 738 929 purgationis
763 829 886 904 effectu
926 854 1036 901 cessa-
1086 925 1090 930 .

49 948 108 1018 tio
131 948 262 1022 ¹videtur
287 965 377 1024 certe
392 957 550 1024 'camsmn
573 952 609 1022 in
633 950 747 1048 prinis
763 958 938 1047 agnoscere
963 973 1034 1019 ma·

57 1070 159 1142 teriae
183 1072 331 1144 vexantis
356 1071 573 1169 dejectionem
597 1070 642 1144 ab
665 1069 775 1160 airo'3
804 1067 1033 1157 nam-sedari,

45 1213 96 1260 -ea
119 1197 319 1287 praeeente5
347 1189 436 1263 nullo
462 1190 539 1264 alias
563 1189 710 1264 remedio
735 1189 868 1263 soient.
896 1189 981 1260 Post
999 1181 1049 1255 0!

55 1312 217 1406 piatorum
234 1324 396 1414 'namque
411 1337 510 1386 usum
532 1310 603 1384 vidi
626 1313 735 1410 potius
760 1308 929 1384 aoerbatos
950 1335 960 1378 ι
981 1331 1035 1381 so-

57 1427 366 1530 lumappiicatione
391 1431 434 1504 ad
461 1429 592 1504 lumbos
616 1444 672 1503 aut
697 1415 826 1527 patinae
864 1440 1039 1525 argenteae
1122 1449 1125 1457 ·

45 1548 223 1647 frigidae,
250 1565 309 1624 aut
350 1549 431 1625 levis
454 1549 509 1623 lati
541 1549 648 1643 seui,
685 1548 853 1646 refrigerio
888 1545 1039 1646 quodam

57 1672 216 1767 proximis
240 1671 365 1743 afflictis
390 1672 497 1744 nervis
522 1670 660 1771 (exirm
677 1669 717 1768 ),
737 1684 771 1743 et
786 1683 918 1768 stupore
941 1665 1040 1739 indu-

57 1799 141 1878 cto,
168 1790 364 1883 temporarie
383 1791 588 1860 mitescunt:
615 1788 768 1861 missione
791 1787 959 1883 sanguinis
991 1783 1040 1857 nil

56 1905 237 1979 levantur.
265 1904 390 1995 Adeo,
418 1907 567 2005 purgatio
593 1909 621 1978 si
636 1905 719 1978 desit
738 1961 748 2000 ,
767 1920 800 1978 et
816 1905 927 1978 morbi
945 1929 1040 1978 eaus-

56 2050 142 2120 sae,
168 2038 202 2096 et
212 2035 216 2065 ³
225 2024 492 2124 symptomatum
518 2024 715 2121 mitigationi
730 2039 810 2097 sunt
827 2012 940 2097 omnia
964 2023 1039 2094 iuu—
1107 2005 1113 2016 ¹

57 2145 124 2217 tilia
143 2202 152 2219 .
180 2147 253 2220 Nee
276 2149 464 2245 praesertim
482 2149 515 2218 in
528 2145 693 2244 ·grnvidis‚·
709 2147 735 2216 si
751 2142 881 2218 variolis
896 2143 1039 2242 prehen-
1106 2228 1108 2236 y

57 2267 199 2360 dantur,
216 2267 352 2354 utilius,
379 2269 629 2367 promptiusque
652 2264 839 2338 ineundum
863 2263 1038 2338 consilium

33 2403 132 2480 est,
160 2403 233 2460 tum
259 2402 296 2460 ut
320 2387 461 2461 variolae
485 2388 520 2459 in
545 2402 658 2460 eutem
682 2364 868 2485 promptius
894 2389 1034 2476 irruant,

57 2522 133 2580 tum
159 2506 256 2578 etiam
292 2521 329 2579 ut
355 2506 540 2579 abdominis
564 2520 730 2579 tormenta
755 2506 849 2577 citius
874 2504 1035 2577 desinant.

41 2626 112 2714 'Ab
136 2625 188 2697 his
212 2605 302 2697 enim
326 2625 500 2721 inprimis
525 2623 708 2696 abortiendi
726 2623 833 2696 ‘timor
849 2622 1034 2720 impendet,
1057 2601 1061 2607 ⁸

57 2743 110 2814 vei
135 2742 184 2815 ob·
206 2742 291 2814 ute‘ri
308 2743 500 2833 viciniam,
527 2739 580 2812 vel
605 2738 651 2811 ob
676 2738 837 2830 facilem,
864 2767 966 2838 quam
992 2739 1036 2811 ab

57 2888 98 2933 eo
124 2872 286 2953 movent,
315 2859 626 2957 haemorrhagiam:
664 2883 748 2958 quae
787 2872 862 2929 tum
895 2859 1041 2929 maxime

56 2982 102 3055 ab
129 2996 223 3053 utero
247 2992 432 3069 movetur,
458 2996 537 3050 'cum
562 2978 713 3072 intestina
738 2989 934 3074 torquentur
958 3003 1053 3074 pra„

41 3122 181 3173 ‘vorum
205 3099 384 3173 humorum
397 3096 654 3188 redundantia,
681 3094 756 3169 bilis
780 3097 968 3193 praesertim
987 3098 1037 3170 vi·

53 3219 137 3292 'tidis
158 3276 168 3314 ‚
188 3233 229 3290 *et
252 3244 453 3317 porraceae.
482 3215 574 3290 Nam
599 3215 758 3288 convulsa
782 3216 961 3304 intestina,
1002 3228 1035 3285 et

54 3339 206 3411 adstricta
232 3355 386 3433 magnam
411 3338 479 3411 vim
505 3335 671 3434 sanguinis
693 3334 736 3407 ad
771 3339 916 3408 uterinas
949 3349 1035 3408 arte-

43 3460 120 3530 „rias
141 3469 258 3529 natura
282 3452 421 3548 molles,
448 3455 602 3555 laxasque
629 3450 797 3553 repellunt
812 3471 828 3546 ,'
842 3457 937 3551 cujus
952 3452 1036 3526 allu-

42 3579 151 3651 ·v·ione
174 3573 268 3647 facile
296 3571 462 3672 placentae
486 3573 597 3646 mollia
623 3570 752 3646 vincula
777 3571 821 3645 ab
863 3587 958 3646 utero
976 3596 1035 3644 se·

43 3688 240 3797 ·jungontur
259 3707 463 3793 ,totumque
480 3696 564 3766 vcum
583 3719 622 3766 ea
635 3694 739 3767 foetus
748 3692 1030 3791 conceptaculum.

44 3815 235 3915 ideoque,
262 3808 389 3888 vomitu
409 3811 651 3908 ¹ipecacuanhue
675 3813 782 3909 parvis
809 3809 942 3884 dosibus
956 3833 1035 3906 pro-
1063 3816 1066 3823 '

41 3945 170 4012 enatato
178 3946 292 4032 ‚post
308 3935 457 4032 'ejectam
478 3929 625 4006 ‘viridem
642 3932 751 4006 ‘bitem
778 3930 919 4004 multam
935 3932 949 4024 ',
978 3936 1029 4002 se·

755 4057 775 4102 2
