2544 4710
561 331 781 519 (86)ι

143 580 246 654 cruris
270 578 386 655 affecta
422 580 509 655 nulla
533 580 621 680 apud
644 578 888 653 Hirrocnaruru
912 573 1036 648 mentio
1061 597 1119 645 exa

142 710 232 789 stet,
259 699 470 775 manifestum
493 713 606 776 tameo
630 712 680 772 est
703 701 776 797 ejus
805 696 968 772 rationem
992 692 1118 772 Hu‘eo«

143 842 258 892 eunrrs
282 818 579 918 temporibus'jam
604 820 703 893 faisse
726 830 956 918 perspectam,
984 827 1017 886 et
1032 839 1052 884 a
1065 811 1122 885 ¹Si«

143 935 225 1010 culis
249 937 382 1011 forasse
408 937 542 1017 medicis
567 952 626 1022 aut
644 939 796 1037 primum
834 938 1034 1025 inventam,
1062 943 1120 1012 aut
1161 984 1169 1002 .

141 1056 177 1127 in
200 1057 316 1152 primis
341 1072 560 1156 usurpatam,
588 1059 644 1134 An
669 1083 748 1156 ergo
772 1083 812 1147 ex
825 1058 895 1154 ipsa
916 1053 1050 1154 prodest
1068 1077 1121 1125 se«

30 1163 45 1250 .‘
142 1175 184 1248 de
209 1172 326 1256 affecta
350 1179 543 1275 sanguinem
567 1179 696 1261 mittere
719 1232 729 1270 ,
756 1175 872 1277 quod,
900 1201 942 1253 ex
966 1175 1043 1274 ipsis
1058 1196 1120 1246 ve«

140 1295 192 1366 nis
215 1294 324 1375 lateris
348 1296 456 1384 affecti
483 1298 641 1394 sanguiue
663 1296 811 1389 educto,
838 1267 996 1370 vacuathe
1013 1311 1119 1372 uenae

139 1411 213 1495 illae
237 1411 413 1494 liberaliter
437 1430 578 1513 sugunt,
596 1414 840 1514 collectumque
850 1416 885 1486 in
901 1414 1029 1512 vaginis
1043 1437 1122 1486 nera

140 1538 176 1607 vi
200 1534 366 1610 ischiadici
390 1557 545 1636 uaporem
559 1538 731 1619 efficaciter
747 1535 915 1610 attrahunt
931 1536 951 1620 l
975 1534 1032 1607 Sic
1045 1533 1123 1635 quii

142 1655 220 1730 clem
245 1684 312 1738 uon
337 1657 438 1731 semel
463 1659 560 1754 nidi,
588 1657 872 1761 quemadmodum
897 1658 932 1732 in
957 1656 1116 1747 ischiada,

140 1778 176 1848 in
199 1780 269 1875 ipsa
292 1780 392 1858 etiam
416 1782 590 1880 podagra,
616 1794 821 1873 recurrente,
839 1781 940 1862 ineisa
964 1803 1049 1854 vena
1062 1776 1123 1857 alin

140 1926 207 1998 qua
230 1907 328 2001 sup'er
351 1903 486 2000 ipsam,
514 1903 605 2004 quod
615 1904 739 1986 mirum
758 1958 768 1994 ,
797 1913 924 2000 partem
938 1897 1133 1990 tumidam,

141 2019 375 2124 dolentemque
400 2037 590 2105 excurrente
610 2008 686 2118 ,sac
710 2025 862 2120 sauguine
877 2016 953 2095 inde
978 2022 1114 2111 educto,

139 2143 328 2238 mitigatum
351 2145 473 2242 pariter
497 2172 606 2218 aerem
632 2143 812 2237 dolorem,
846 2169 1032 2242 paucosque
1068 2144 1130 2213 in-.a

141 2274 191 2332 tra
216 2260 284 2335 dies
308 2262 466 2336 morbum
490 2262 618 2340 lentum
642 2263 745 2356 alias,
773 2277 806 2336 et
828 2265 1036 2362 pervicacem
1071 2260 1122 2334 lea

141 2385 227 2455 nilen
252 2389 444 2459 evanuisse.
473 2388 570 2478 Quae
594 2413 645 2459 res
660 2387 760 2466 modo
777 2382 867 2484 apud
890 2373 1048 2457 nostrates
1070 2399 1120 2458 esl

141 2506 224 2579 adeo
248 2507 464 2606 pervulgata,
490 2523 527 2582 ut
552 2502 615 2610 qui
634 2509 784 2583 taedium
810 2507 986 2583 diuturnae
1019 2503 1122 2584 velinl

18 2711 20 2714 v
139 2626 305 2726 podagrae
330 2629 478 2720 evitare,
506 2628 587 2701 nihil
612 2629 773 2713 efficacius
807 2653 983 2726 procurare
1015 2624 1122 2702 haba,

142 2744 225 2839 ant,
253 2777 397 2849 quame
418 2750 494 2821 sede
520 2777 616 2847 supra
640 2748 756 2851 locum
780 2749 948 2821 affectum
963 2745 1024 2822 sibi
1042 2753 1117 2819 san·'

142 2872 277 2968 guinem
301 2870 454 2948 detrahi:
482 2869 582 2969 idque
606 2867 662 2943 vel
684 2892 787 2943 venae
810 2869 999 2958 incisione,
1025 2864 1114 2959 vel,

141 2994 169 3064 si
195 2982 327 3071 occulta
351 3016 435 3065 uena
460 2991 531 3087 sit,
557 2991 767 3092 hirudinibus
782 2989 943 3090 applicitis
951 3039 965 3061 ‚‚
993 2989 1112 3089 anue

139 3141 206 3186 una
230 3116 312 3187 ratio
338 3127 386 3201 est
411 3141 478 3213 qua
497 3165 516 3206 ,·
535 3141 612 3190 curn
638 3111 789 3185 facillime
820 3110 966 3210 podagra
1005 3107 1112 3183 solva-

141 3247 223 3326 tur,
251 3247 323 3307 tuto
349 3232 449 3316 simul
474 3232 555 3305 solvi
579 3230 783 3305 eredendum
808 3231 876 3301 sit.
906 3228 1026 3319 Nam,
1053 3237 1115 3301 ire-fl

141 3380 184 3426 na
208 3354 334 3445 incisa,
362 3377 447 3454 quae
469 3352 618 3451 proxime
642 3347 687 3420 ab
720 3347 838 3421 affecto
875 3346 949 3419 loco
987 3348 1111 3438 venit,

142 3473 269 3574 sanguis
294 3470 444 3544 educitur
467 3494 580 3542 recens
604 3495 624 3540 a
649 3467 725 3540 sede
750 3464 862 3539 morbi
904 3463 1114 3562 absorptae,

142 3605 285 3688 unaque
298 3614 377 3660 eum
400 3587 555 3683 sanguine
579 3585 650 3681 ipsa
670 3582 719 3658 ibi
743 3581 889 3680 deposita
909 3638 919 3674 ,
937 3594 969 3652 et
987 3582 1123 3677 sanguia

108 3700 111 3704 ⁴
140 3712 175 3783 ni
200 3710 353 3791 immixta
374 3707 539 3809 podagrae
564 3704 700 3791 materia
724 3702 919 3789 absorbetur
962 3700 1060 3773 simul
1086 3713 1119 3772 et

139 3827 346 3902 effunditur.
1105 3808 1108 3821 '

243 3953 324 4039 XL.
355 3946 389 4022 Si
414 3948 578 4048 sauguinis
602 3947 702 4045 igitur
725 3945 905 4036 missione,
931 3942 1062 4037 eliam,
1097 3943 1124 4016 si
