2544 4710
565 388 717 491 (¹⁰7)
835 437 841 449 ·

144 526 289 627 flueret:
329 548 451 628 morbo
473 566 613 644 tamen,
640 551 691 622 uti
727 552 796 648 jam
833 562 949 641 antea,
991 549 1120 622 viribus

137 674 291 772 integro,
319 675 428 773 Aeger
468 669 604 745 tandem
638 670 814 743 curationis
850 671 982 767 magis,
1016 696 1118 768 quam

146 785 259 865 morbi
282 804 450 890 pertaeeus
479 789 623 890 Neapoli
633 791 779 864 excessit.
797 788 884 863 Hinc
896 790 1115 865 manifestum

138 918 199 979 est
222 909 387 984 ustionem
412 907 527 1005 iliam,
553 935 653 1008 quam
693 906 772 980 aliae
796 905 885 1008 (mv'
897 904 914 1005 )
945 905 1115 982 ostendam

144 1023 231 1100 hanc
254 1024 361 1126 ipsam
393 1027 600 1118 iscliiadem‚
644 1028 671 1098 si
710 1037 894 1123 opportuno
930 1024 1119 1096 institmtur

143 1139 250 1236 loco,
275 1169 370 1242 posse
409 1142 545 1218 feliciter
576 1169 780 1241 peremere,
820 1141 985 1241 profunde
1021 1140 1116 1216 adhi-

136 1259 251 1337 -bitam
274 1261 349 1338 loco
373 1290 442 1338 non
464 1289 525 1362 sun
549 1261 708 1336 inutiliter
731 1265 883 1336 cessisse.
911 1262 1016 1355 Quod
1028 1261 1118 1338 idem

140 1383 243 1456 variis
266 1384 449 1484 exemplis,
466 1409 552 1486 quae
567 1385 669 1458 sciens
684 1398 886 1482 praeteream
904 1439 915 1476 ,
941 1383 1010 1456 vidi
1024 1410 1118 1457 cnm-

141 1501 319 1601 prnbetum
338 1559 347 1574 .
376 1501 609 1576 Caustieornm
624 1500 827 1603 reliquormn
845 1501 975 1574 fortuna
999 1500 1116 1576 eadem

143 1635 197 1696 est
222 1621 291 1724 (n,
306 1621 427 1722 nm).
454 1623 542 1699 Hinc
574 1623 685 1699 videas
715 1622 897 1720 Chirurgus
933 1623 1118 1722 expertissi-

143 1768 249 1838 mps,
275 1739 587 1835 artemitam,
614 1767 715 1841 quam
751 1739 968 1814 Dioscoarnrs
1004 1754 1119 1814 aucto·

141 1866 241 1937 ritate
266 1875 379 1935 metus
402 1863 600 1938 Arabicam
625 1859 767 1935 vocabat
803 1859 992 1934 Snvnarnns
1014 1859 1113 1964 (f),

140 1981 243 2081 vulgo
266 1982 310 2054 ad
328 1973 510 2054 'ischiadem
534 1982 713 2053 institutam
738 1965 985 2078 postmajrirem
1008 1978 1115 2050 femo-

140 2108 193 2178 ris
219 2103 489 2196 metaneam,
516 2101 636 2200 passim
656 2157 666 2196 ,
694 2117 752 2175 aut
777 2100 926 2174 inutilem
943 2158 952 2195 ,
968 2113 1027 2174 eut
1042 2126 1118 2205 raro

139 2226 324 2327 proficuam
341 2222 538 2322 ‘praedicare
552 2277 562 2294 .
578 2222 641 2293 Est
653 2234 764 2296 autem
777 2221 928 2296 Arabum
941 2221 1002 2295 alie
1018 2212 1119 2324 qnae-

142 2347 223 2421 dam
247 2347 336 2419 ustio
374 2369 476 2443 quam
499 2370 559 2442 per
594 2355 703 2416 totam
734 2341 904 2437 Africam,
921 2345 1117 2444 *Asiamque

132 2462 242 2538 *hodie
266 2474 430 2561 praestant
453 2458 497 2532 ad
512 2461 669 2558 posticam
686 2459 834 2535 tibialem
850 2460 1027 2553 ischiadem
1044 2487 1119 2534 ner-

140 2587 255 2660 ve'anm
281 2580 367 2655 salici
395 2571 487 2656 exitii
509 2580 777 2681 pmtligandam‚
803 2609 909 2683 quam
931 2596 1045 2683 postea
1060 2579 1119 2681 (a)

142 2703 360 2779 decernam:
641 2759 644 2764 -
1124 2796 1126 2799 Ι
1158 2698 1163 2709 ’

244 2822 395 2897 XLVII.
428 2823 558 2898 Herum
583 2838 694 2897 autem
731 2821 954 2897 remediorum
987 2806 1030 2895 ad
1054 2846 1119 2920 po·

139 2945 260 3024 aticum
283 2944 460 3018 ischiadem
485 2968 657 3018 nervosam
667 2943 902 3017 confirmatam
926 2941 1041 3039 fallax,
1061 2957 1120 3016 aut

138 3065 330 3138 inconstans
367 3062 488 3136 utilitas
513 3061 683 3162 vulgarem
719 3063 846 3161 peperit
870 3088 990 3136 vocem
1017 3120 1027 3156 ‚
1054 3062 1120 3138 hae

139 3184 285 3259 ischiede
308 3182 484 3286 prehensas
508 3182 685 3279 incurabili
709 3183 830 3258 morbo
842 3182 967 3281 fatigari
983 3236 992 3254 .
1011 3182 1121 3283 Cujus
1158 3167 1161 3174 ¹

118 3314 220 3380 'mm
246 3304 334 3405 apud
359 3331 417 3378 nos
441 3305 938 3407 frequentissimaoccurrerent
953 3304 1119 3404 exempla,

139 3425 187 3500 sic
212 3427 280 3524 ipse
305 3449 439 3501 mecum
464 3427 598 3522 cogitari
614 3424 709 3524 coepi
730 3479 738 3495 .
757 3424 873 3524 Vaper
884 3423 1036 3499 imbutus
1051 3426 1119 3498 acri

141 3545 282 3617 materia
307 3540 497 3615 redundans
529 3546 563 3615 in
587 3543 713 3640 vaginis
750 3541 916 3618 ischiadici
935 3544 1041 3618 aervi
1066 3569 1123 3616 eas

141 3663 297 3738 distendit
326 3702 346 3758 ,Δ
365 3677 398 3735 et
422 3665 498 3738 facit
522 3663 721 3764 hydropicae
747 3663 764 3764 (
800 3691 924 3759 xxvii,
953 3662 1117 3762 xxxin).

132 3921 207 4013 (f)
223 3922 453 4016 Pyrotethniac
478 3920 685 4033 Chirnrgieae
708 3945 779 4014 cap.
808 3945 841 3987 a.
