2544 4710
372 551 374 556 .
640 425 693 528 ‘r
714 429 826 530 aa)

233 596 377 676 matre,
405 586 489 655 inter
514 580 599 654 hanc
624 597 656 656 ct
681 586 882 680 cerebrum,
910 588 1090 660 maximam
1115 571 1228 662 subala

245 703 315 777 bidi
340 705 431 797 seri,
459 729 695 804 euormemque
718 708 850 804 copiam
874 706 1046 782 collectam
1061 706 1221 782 habebat.

122 815 123 818 ¹
233 823 391 897 =Cerebro
416 821 567 918 detecto,
595 827 681 898 inter
701 826 974 923 arachnoideam,
991 841 1026 901 et
1048 828 1139 927 piam
1153 855 1225 902 ma·

244 958 354 1036 trem,
381 942 472 1041 puris
496 944 582 1016 circa
607 944 815 1032 cerebrum,
842 958 875 1018 et
891 945 1125 1040 cerebellum,
1150 944 1227 1020 ubi-

242 1088 308 1162 que
332 1062 399 1132 fere
423 1061 561 1134 mirifica
584 1061 732 1136 collectio
756 1063 844 1159 fuit,
871 1063 1073 1158 subviridis,
1096 1056 1225 1138 etden·

243 1187 301 1277 si,
328 1180 479 1266 uteradi
503 1195 610 1280 posset
635 1182 863 1278 frustulatim,
890 1186 1019 1259 effluere
1053 1211 1121 1259 non
1146 1209 1224 1284 pos-

243 1315 317 1373 set.
346 1300 468 1372 Nonne
491 1301 633 1396 pectoris
646 1303 787 1400 ‘gummi
810 1305 961 1377 materies
975 1301 1226 1378 mercurialibus

241 1416 449 1494 frictionibus
471 1419 507 1490 iu
532 1419 725 1516 sanguinem
748 1418 877 1518 repulsa
901 1419 1018 1521 (rur),
1045 1433 1079 1494 et
1104 1402 1222 1494 idm·

240 1551 301 1636 put
323 1540 441 1635 rejecta
468 1564 604 1638 aegrum
629 1537 718 1614 hunc
742 1540 912 1614 confecit?
935 1542 991 1612 An
1015 1565 1166 1642 unqcum
1179 1541 1222 1614 s’-

241 1659 320 1731 mile
343 1658 466 1760 aliquid
506 1661 652 1761 sequitur
676 1661 805 1759 gummi
839 1661 1002 1736 vesicante
1032 1663 1222 1739 curatum?

157 1808 161 1817 ¹
240 1780 319 1852 Vidi
336 1781 476 1879 >insuper
499 1782 581 1875 cui,
612 1795 688 1855 nato
711 1761 863 1880 'jamjam
886 1781 922 1853 iu
955 1780 1068 1856 medio
1088 1795 1219 1857 ,sterno

242 1898 396 1995 gummi,
425 1895 582 1978 alehoolis
607 1898 676 1969 viui
709 1897 846 1996 repetita
874 1894 1051 1996 applicatio
1087 1896 1246 1997 solutio-V

241 2041 319 2086 nem
342 2012 482 2088 tumoris
507 2017 606 2087 citam
629 2013 766 2087 attulit.
794 2013 884 2088 Huic
908 2014 1017 2113 paullo
1032 2018 1216 2116 post'gum·

240 2138 288 2208 mi
312 2136 346 2206 in
372 2133 453 2207 tibia
477 2128 712 2228 subnascitur,
740 2134 831 2236 quod
855 2148 1010 2216 coactum
1024 2150 1074 2209 est
1097 2137 1216 2212 eodem

238 2254 384 2354 remedio
409 2254 589 2352 disperire.
619 2255 773 2330 Tandem
798 2256 883 2328 circa
907 2283 1012 2354 genua
1037 2270 1153 2335 tumor.
1172 2285 1216 2333 e·

239 2353 364 2447 normis
387 2375 550 2472 emergit,
576 2387 611 2446 et
625 2375 766 2461 mucia
792 2387 912 2466 tanta,
952 2387 1019 2467 ut,
1054 2375 1090 2447 ni
1124 2373 1218 2475 plena

240 2507 386 2593 suscepta
410 2494 522 2568 fuisset
546 2494 831 2594 hydrargyrosis,
859 2491 990 2567 fatalem
1015 2520 1115 2593 aegro
1150 2499 1215 2571 exi·

241 2629 313 2688 tum
340 2612 551 2687 attulissent.
579 2613 748 2714 Equidem
772 2625 829 2686 aut
861 2638 917 2686 me
952 2616 1217 2695 numerosissima

237 2734 388 2832 exempla
414 2734 613 2832 deceperunt
646 2734 774 2829 gummi
808 2733 876 2804 sine
900 2731 967 2806 ulla
1000 2732 1216 2836 subsequente

234 2880 328 2927 ‘noxa
352 2853 515 2945 resicante
540 2866 757 2946 curatorum,
784 2867 840 2926 ant
864 2852 926 2926 hae
954 2855 1127 2928 curatione
1143 2883 1216 2930 ma-

238 2976 355 3066 nifeste
379 2974 562 3067 evincunt,
589 3000 673 3074 quae
698 2974 860 3045 vesicante
885 2987 1066 3067 curantur,
1089 2973 1216 3073 gummi

240 3121 406 3169 venenum
432 3120 452 3168 e
476 3110 614 3192 corpore
638 3092 789 3190 extrahi,
817 3121 885 3173 nou
910 3095 947 3167 iu
961 3095 1156 3194 sanguinem
1171 3117 1216 3169 re·

240 3238 379 3287 meare.
705 3282 707 3290 s
970 3285 972 3289 ,

326 3331 389 3426 L.
417 3330 523 3429 Igitur
548 3332 749 3425 vesicantia,
776 3331 882 3407 sicubi
916 3331 1150 3432 applicantur,
1177 3344 1218 3406 at-

243 3451 385 3524 trabunt.
404 3453 443 3525 iu>
463 3451 576 3524 sedern
601 3451 690 3524 illam
709 3506 719 3545 ,
747 3478 849 3552 quam
865 3453 1053 3527 exulcerant
1073 3508 1084 3547 ,
1110 3453 1215 3554 subja·

202 3653 205 3659 ,
244 3585 316 3644 ctos
341 3575 516 3671 praecipue
540 3570 724 3664 humores,
792 3590 877 3674 uque
900 3575 1028 3646 lactum
1045 3572 1140 3648 ulcus
1163 3599 1219 3673 po-

239 3694 418 3766 tentissime
443 3705 630 3765 ovacuant.
659 3691 750 3766 Nihil
777 3719 855 3792 ergo
879 3706 949 3776 erat
971 3715 1139 3789 caussae,
1165 3717 1216 3768 cur

70 3910 72 3912 -
245 3811 279 3885 in
305 3810 430 3908 postica
453 3808 595 3885 ischiada
621 3835 783 3907 nervosa,
809 3840 887 3886 cum
913 3824 1020 3884 essent
1044 3811 1215 3912 raginaei-

244 3929 400 4022 scltiatlici
425 3929 519 4030 nervi
544 3931 782 4030 cvacuandae,
809 3934 1022 4010 vesicautiurn
1046 3933 1214 4035 applicatio
