2544 4710
474 326 506 413 ³
593 349 751 490 <nr

193 552 200 561 n

135 563 142 586 *
181 539 372 646 quidquam
387 546 529 658 ‘gammi-
548 541 712 646 reliquum
736 539 900 616 invenitur
920 591 930 612 .
957 534 1000 612 In
1019 536 1162 634 tonat,

185 663 223 738 in
247 662 397 767 capillata
421 663 531 740 calvae
554 678 646 766 parte
662 719 673 756 ,
692 665 728 736 in
745 658 855 735 medio
867 671 978 733 sterrm
993 714 1004 753 ‚
1018 662 1056 734 in
1068 655 1162 734 saur·

181 785 251 862 mis
275 785 411 884 spinosis
435 781 664 863 amtehrarum
687 778 775 856 dorsi
798 775 1030 879 processibus,
1058 778 1094 851 in
1110 777 1163 852 nl‹

184 925 249 978 nae
274 901 416 982 olecrani
440 919 534 1006 parte
555 907 709 998 extima,
736 902 770 974 in
794 897 876 975 facie
891 897 992 971 tibiae
1015 897 1163 974 anterio·

182 1023 213 1096 ri
237 1005 366 1122 gummi
390 1023 620 1099 subnascentia
644 1021 829 1122 saepissime
854 1019 923 1095 vidi
942 1075 953 1112 ,
970 1043 1079 1119 quae,
1093 1017 1162 1093 im·

47 1154 52 1162 “
184 1143 293 1242 posito
316 1145 424 1215 statim
448 1141 641 1236 vesieant'e,
681 1154 719 1216 ut
742 1138 837 1215 ulcus
870 1141 1052 1214 excitatum
1077 1146 1127 1212 est
1144 1173 1160 1236 ,-

184 1266 284 1364 atque
309 1263 367 1337 diu
391 1265 558 1360 manavit,
576 1274 759 1337 constanter
773 1273 981 1337 evanuerunt
997 1315 1007 1334 .
1034 1255 1161 1362 Hujus·

63 1477 66 1483 .
185 1381 278 1456 modi
303 1383 509 1457 curationum
535 1381 618 1483 quid
641 1379 739 1455 refert
761 1379 911 1455 historias
925 1378 1072 1479 proferre
1096 1403 1161 1452 nna

183 1527 358 1597 marosaS,
380 1528 467 1602 quae
491 1527 664 1603 nunquam
701 1512 834 1574 tantum
862 1499 983 1572 addere
1020 1510 1159 1599 possunt

185 1620 293 1716 fidei,
320 1636 484 1723 quantum
506 1619 590 1695 mihi
618 1619 747 1695 dabunt
771 1617 858 1694 ultro
881 1619 999 1721 quiqui
1011 1617 1112 1695 velint
1124 1617 1159 1691 in

186 1737 308 1821 morbo
333 1742 409 1813 satis
434 1738 539 1816 obvio
563 1739 654 1813 idem
678 1739 850 1813 tentamen'
868 1738 1069 1823 instituere?
1085 1736 1160 1818 Hoc

181 1860 268 1934 mihi
291 1863 399 1960 potius
424 1859 544 1934 addere
568 1859 688 1956 liceat,
716 1861 800 1934 natis
824 1862 924 1935 etiam
949 1861 1077 1958 gummi
1096 1915 1107 1956 ,
1125 1873 1158 1933 et

179 1993 400 2078 augmentum
425 1971 673 2080 adeptis'opem
709 1979 901 2078 impositum
936 1983 1086 2054 vesicans
1110 1991 1157 2054 at·

179 2097 290 2170 tulisse
301 2125 319 2171 a
346 2111 380 2171 et
405 2125 608 2199 quamquam
631 2097 808 2199 aliquando
831 2098 931 2196 primi
967 2096 1045 2172 sacti
1069 2095 1159 2172 ulos·

179 2221 224 2291 ris
248 2219 403 2292 decursus
428 2205 585 2294 morbum
609 2231 680 2291 non
705 2220 876 2293 extinxerit
908 2274 918 2314 ,
944 2217 1085 2294 alterum
1110 2233 1158 2294 ta·

180 2366 261 2431 men
284 2319 377 2414 ulcus
402 2367 489 2421 novo
513 2341 715 2440 superposito
738 2340 902 2416 vesicante
940 2338 1064 2415 factum
1088 2367 1156 2415 non

179 2487 258 2534 raro
283 2458 442 2534 morbum
457 2464 638 2562 superavit.
655 2461 689 2535 N
691 2461 778 2536 ullus
792 2476 904 2536 autem
921 2461 1054 2558 dubito,
1070 2461 1156 2536 haue

180 2599 311 2681 opem,
338 2607 440 2683 quam
464 2583 497 2654 in
523 2583 654 2680 gummi
679 2607 818 2656 venereo
842 2582 1048 2682 percursando
1071 2585 1156 2659 vesi*

169 2698 288 2772 'cantia
320 2713 523 2798 praestant,
558 2701 730 2776 manifesto
761 2701 901 2802 probare
939 2704 1155 2781 vesicantn'um

179 2818 384 2893 eximiamin
407 2819 646 2898 extrahendae
671 2824 830 2926 subjectis
845 2824 976 2900 sedibus
1001 2838 1156 2901 manente

178 2937 214 3010 in
237 2936 300 3010 illis
323 2935 501 3036 humore,
529 2940 713 3044 eodemque
737 2969 796 3044 per
819 2942 914 3017 ulcus
946 2946 1152 3042 vacuando,

177 3069 399 3154 potestatem.
428 3057 518 3133 Nam
541 3065 568 3135 si
593 3067 720 3160 gummi
744 3076 900 3149 curatur,
926 3091 1065 3164 quorsus
1101 3067 1156 3141 ille

1 3245 5 3255 ,
107 3202 108 3205 “
149 3248 152 3252 Α
177 3175 307 3247 virosus
332 3180 464 3274 gummi
489 3183 632 3254 excitans
654 3180 777 3274 humor
794 3183 925 3258 divertit
935 3187 961 3259 i·
979 3211 1104 3262 numne
1118 3189 1155 3263 in

77 3285 82 3309 ¹
179 3296 376 3393 sanguinem
400 3322 564 3396 regressus
588 3301 670 3405 est?
694 3300 985 3404 quemadmodum
1009 3307 1154 3408 regredi·

181 3428 236 3487 tur
260 3440 367 3513 curn,
395 3432 472 3492 cute
495 3421 640 3516 intacta,
668 3426 735 3501 sive
748 3423 929 3525 emplastris
944 3428 1153 3534 hydrargyro

70 3575 72 3580 ν
177 3531 361 3632 divitibus,
391 3539 460 3612 sive
482 3545 651 3636 unguento
676 3567 755 3615 cum
776 3540 991 3648 hydrargyro
1014 3575 1152 3652 praepa·

173 3668 250 3729 ¹rato
277 3658 411 3756 gummi
435 3657 583 3758 tegitur,
609 3677 668 3737 aut
691 3663 916 3744 conii-icatur.
937 3669 983 3744 At
1007 3669 1163 3750 solutum.

178 3776 224 3848 ita
261 3765 419 3877 gumini,
456 3778 540 3855 dum
565 3796 762 3886 conceptum
800 3813 966 3866 venenum
1004 3794 1157 3892 sanguini

179 3897 372 3998 immiscet,
399 3915 481 4002 quot
505 3929 572 3980 non
598 3905 719 3983 damna
742 3923 816 4010 post
840 3937 874 3989 se
890 3906 1152 3997 trahittlixem·
