2544 4710
543 423 699 528 (89)

143 609 254 662 mores
272 639 283 679 ,
311 597 472 684 prosunt,
498 585 664 686 quoniam·
678 610 808 686 semper
823 585 892 686 uidi
905 586 1034 686 pulsum
1048 584 1124 658 rena

144 705 223 778 dere
247 705 530 806 frequentiorem,
557 707 712 807 aegrique
742 703 887 780 calorem
916 708 1049 799 facere,
1075 708 1124 805 ja-

146 825 392 928 ctationemque
416 827 605 922 majorem,
643 824 812 901 matutinis
833 824 870 895 in
898 821 992 898 horis
1027 820 1121 898 soleo

143 943 335 1042 imperare.
357 942 491 1017 Credidi
515 944 605 1018 enim
628 968 763 1042 vespere
785 943 923 1040 injectos
937 938 1118 1016 ischiadem

147 1077 347 1138 nocturnam
370 1065 513 1164 potuisse
551 1062 774 1138 exacerbare.
800 1060 1023 1161 Purgantibus
1053 1081 1121 1136 non
1156 1051 1160 1057 ¹

142 1196 249 1261 utor:
275 1206 351 1259 raro
384 1188 481 1261 enim>
506 1185 682 1285 proficua;
709 1183 896 1286 frequenter
919 1184 1018 1258 etiam
1054 1179 1145 1269 vidt-

145 1307 352 1383 incremento
376 1305 499 1383 doloris
524 1307 717 1381 inservisse.
752 1321 755 1327 '
798 1335 804 1367 ι

241 1427 340 1499 XLI.
368 1426 474 1527 Saepe
507 1441 651 1502 attamen
687 1426 770 1501 haec
805 1424 925 1501 auxilia
960 1425 1120 1502 minuunt

138 1542 331 1639 morbum,
356 1572 425 1619 non
450 1549 587 1620 omnino
612 1545 749 1622 delent:
777 1544 876 1646 idque
908 1547 1052 1622 maxime
1077 1544 1116 1618 fir

143 1666 356 1762 curn'coepit
379 1663 495 1739 ischias
520 1677 747 1738 veterascere.
776 1665 870 1739 Tum
908 1688 1017 1762 ergo,
1044 1665 1123 1764 quia

139 1783 282 1858 fortassis
309 1783 423 1862 osculo
448 1811 607 1862 venarum
632 1783 910 1876 absorbentium·,
938 1785 974 1857 in
999 1785 1127 1882 vaginis

145 1917 259 2001 aperta
282 1902 445 1981 ischiadici
472 1905 563 1979 nervi
588 1931 663 1978 acre
707 1903 959 1997 condentibus,
987 1905 1124 1976 obstrui
1228 1968 1232 1981 s

144 2046 283 2120 coepero
308 2021 503 2124 (xxm),
530 2022 700 2097 excitanda
726 2046 846 2098 eorum
868 2024 945 2116 vis,
980 2037 1024 2096 et'
1038 2048 1125 2124 qoo-

148 2140 331 2218 dammodo
356 2142 501 2242 juvanda
538 2154 617 2217 est.
647 2141 755 2232 Quod
786 2141 959 2240 perficiunt
1000 2141 1129 2240 egregie
1236 2188 1241 2209 ,

145 2265 335 2341 frictiones}
361 2267 397 2336 in
421 2285 562 2369 quarum
587 2288 681 2358 usu,
718 2264 917 2363 experientia
954 2263 1119 2354 edoctus,

149 2382 229 2457 utile
253 2387 421 2463 monitum
446 2411 654 2484 proponam.
682 2385 772 2461 Cum
796 2388 917 2479 enim,
946 2400 983 2459 ut
1007 2384 1125 2459 ischia·

146 2506 180 2578 di
205 2505 269 2580 hoe
294 2519 441 2604 tempore
464 2509 592 2604 prosit,
618 2504 653 2577 id
678 2504 796 2580 debeat
821 2507 928 2580 frictio
968 2507 1125 2600 efficere,

152 2638 189 2697 ut
213 2626 298 2701 iners
321 2624 444 2698 humor
468 2627 592 2722 vaginis
615 2623 777 2723 implexus
800 2623 965 2701 ischiadici
997 2628 1119 2714 nervi,

149 2747 184 2817 in
208 2744 263 2818 itta
288 2746 400 2830 oscula
425 2770 620 2839 venarum,
646 2763 730 2850 quae
754 2748 839 2824 forte
856 2747 1008 2822 nondum
1032 2748 1127 2847 peni·

154 2879 207 2944 tus
230 2869 293 2944 sint
316 2865 474 2961 occlusa,
502 2872 654 2967 pressura
678 2870 811 2966 juvatus
832 2871 1055 2961 ,.insinuetur,
1074 2892 1126 2940 se·

152 2987 295 3088 demque
318 2989 533 3087 vaginarum,
560 3012 661 3087 quam
685 2987 794 3061 adhuc
818 2989 909 3086 pigra
926 2991 1126 3062 stationem·

149 3121 291 3201 numm,
318 3108 440 3181 sensim
464 3105 630 3207 relinquat
644 3105 720 3194 ,···id
743 3108 880 3178 omnino
892 3107 1127 3204 praestandum

150 3242 222 3322 est,
249 3241 287 3302 ut
312 3227 467 3328 propellat
491 3228 599 3303 frictio
625 3241 751 3302 veteres
775 3227 962 3323 humores,
991 3253 1059 3303 non
1085 3228 1134 3301 al-

154 3348 240 3424 liciat
264 3374 396 3423 novos.
425 3349 654 3439 Quamobrem
679 3350 724 3422 ita
748 3349 854 3426 frictio
883 3362 931 3424 est
965 3349 1129 3424 adhibeo:
1197 3432 1200 3441 ¹

153 3471 217 3563 da,
245 3483 311 3565 ut,
338 3484 465 3571 praeter
489 3470 596 3546 leuem
635 3491 853 3570 pressuram,
880 3469 962 3545 nihil
1004 3472 1131 3547 stimuli
1189 3516 1195 3528 ·

152 3591 297 3665 inferat.
323 3592 429 3683 Quod
454 3607 502 3666 est
525 3588 623 3668 cerie
638 3593 897 3670 difficillimum.
926 3593 995 3666 Sed
1015 3608 1129 3668 tamen
1214 3585 1216 3592 ¹

153 3711 186 3789 id
209 3715 278 3787 fere
303 3712 470 3808 obtineo,
497 3715 624 3815 quoties
649 3714 738 3788 nuda
762 3715 901 3789 ministri
919 3740 1042 3809 manu,
1063 3741 1132 3788 non

157 3833 268 3927 pannis
292 3831 480 3926 obvoluta,
510 3842 580 3906 nee
596 3832 660 3906 alio
684 3847 809 3907 armata
833 3833 991 3929 stimulo,
1010 3842 1128 3906 secun*

158 3948 236 4028 dum
260 3948 381 4027 dosoris
406 3966 547 4035 tractum
571 3951 672 4053 jubeo
697 3954 809 4028 sedem
833 3952 986 4038 uiscerum
1011 3952 1130 4028 leniter
