2544 4710
542 395 738 515 tm>

166 561 311 634 intestini
335 543 573 653 redundabat,
600 571 674 658 post
696 580 800 659 qraem
822 554 937 631 lutum
953 555 1147 631 inuomsoe·

125 676 127 680 ⁸
166 690 318 786 ptionem
345 680 490 757 habebat
512 679 730 773 intestinum,
756 677 1147 779 quumorpenelonga'm

166 806 288 905 digitos
311 819 528 878 transversos.
556 799 652 876 Hanc
674 797 718 895 ud
748 797 878 873 dimidii
904 798 996 898 pedis
1020 796 1157 873 disten--

163 928 244 1023 tiam
267 921 513 1021 intmsusoeptio
536 918 635 994 ultera
652 917 917 1022 qmmdmsslimu
934 917 1144 1017 excipiebat:

164 1044 357 1144 ultraquae
391 1038 696 1138 introsusoeptiones
734 1034 889 1111 naturalis
912 1036 1054 1109 omniuo
1087 1034 1149 1112 ha·

171 1161 262 1236 bitus
285 1164 386 1235 tutius
418 1157 536 1260 reliqui
567 1156 710 1231 intestini
739 1151 1038 1255 conspiciebatur,
1064 1179 1150 1234 erns-

165 1306 206 1353 so
231 1293 363 1354 tantum
387 1278 508 1353 nidulis
531 1274 719 1363 fuectrlentis
743 1286 931 1351 extrorsum
955 1275 1148 1374 prominulis

163 1401 309 1476 resumo.
389 1453 391 1458 -

248 1516 419 1593 XLVII.
445 1517 635 1620 Utramque
657 1447 981 1613 iutrosusceptionem
997 1462 1144 1614 superio-

133 1657 136 1667 ’
165 1634 220 1713 ris
236 1638 272 1711 in
297 1639 484 1711 inferiorem
507 1638 649 1710 intestini
662 1646 816 1736 —partem
831 1631 1004 1708 desceuw
1026 1633 1146 1710 efficie-

166 1756 256 1851 bat,
282 1759 340 1858 qui
365 1758 443 1830 etsi
448 1778 527 1828 ruro
550 1754 683 1857 quidem
706 1755 775 1848 lit,
800 1752 933 1855 quando
956 1754 1144 1852 tit-tamen,

163 1874 417 1951 convulsionem
440 1875 582 1948 intestini
605 1874 724 1950 inclusi
744 1898 892 1948 caussam
908 1877 1053 1972 agnoscit
1076 1903 1147 1951 car-

172 2011 208 2069 te
231 1996 402 2095 primam-³
416 1995 519 2071 llam
545 2022 623 2069 cum
634 1993 794 2096 'aliquu'in
809 1993 1145 2075 sodaconvmsionem

163 2113 266 2192 habet
290 2113 516 2207 intestinum,
537 2112 585 2187 ibi
608 2114 838 2213 oonstringitur
852 2112 962 2209 illics,
979 2127 1013 2189 et
1036 2112 1145 2217 cylin-

140 2237 300 2313 'dracena
325 2231 469 2309 chordae
492 2232 599 2307 simile
621 2235 691 2308 fit.
717 2233 764 2308 Et
788 2230 898 2335 pdtast
928 2260 968 2310 ιι
985 2238 1143 2328 ‚constri-

125 2379 128 2383 ’
164 2357 263 2450 ctio,
288 2380 350 2456 pro
374 2356 408 2429 vi
431 2352 672 2451 convulsionis,
708 2355 850 2431 intestini
887 2355 1070 2432 diametron
1102 2383 1144 2433 eo

127 2483 130 2486 ”
166 2476 363 2549 imminuere
383 2528 394 2567 ,
421 2487 459 2546 ut
482 2472 643 2572 perducat
665 2472 708 2547 ad
724 2473 888 2549 deeinrum
904 2473 973 2560 lere
986 2489 1142 2576 partem.

168 2592 210 2668 In
233 2595 318 2668 vivis
342 2588 509 2688 ciuibus,
545 2593 605 2695 qui
640 2595 810 2669 crassiores
841 2596 988 2696 parietes
1012 2596 1148 2685 habent

170 2714 431 2809 intestinomm,
462 2713 505 2788 ιι]
527 2728 677 2816 quartam
700 2716 889 2817 quintamve
911 2731 1037 2817 partem
1062 2745 1144 2794 con·

163 2830 313 2907 nulsione
336 2767 487 2906 adesdum
510 2855 606 2932 saepe
628 2829 725 2906 vidi.
753 2830 845 2906 Nam
884 2831 974 2908 soleo
990 2849 1141 2934 ,aperto

165 2952 234 3027 vivi
257 2953 345 3036 oanis
368 2950 574 3046 abdomine,
600 2964 700 3026 tenue
724 2953 915 3056 intestinum
940 2954 1023 3028 intes
1057 2952 1141 3088 digi-

164 3083 218 3148 tos
240 3073 494 3172 constringere,
520 3007 638 3145 deinde
661 3069 704 3144 ad
728 3052 903 3146 transversi
931 3071 1006 3173 plm
1029 3076 1143 3149 miuus

135 3190 264 3304 digiti
282 3191 469 3268 distantiam
494 3190 757 3267 constrictionem
781 3217 907 3268 novum
928 3191 1140 3296 adjungere,

156 3328 196 3406 ιι
220 3315 289 3390 sie
285 3313 397 3389 donec
421 3313 514 3389 lubet
536 3315 747 3403 successive,
766 3313 809 3388 iu
834 3313 967 3389 sedibus
1003 3317 1140 3392 mustri-

160 3437 225 3509 ctis
248 3417 336 3510 illico
359 3433 590 3531 contrahitur,
616 3435 697 3510 laris
720 3433 895 3510 intervallis
916 3440 1140 3535 permanenti-

162 3541 261 3643 bus·;
287 3581 328 3628 ιι
353 3566 422 3657 quo
445 3491 705 3652 pulcheri‘imum
729 3552 768 3626 lit
781 3551 1005 3654 spectaculum
1020 3554 1137 3656 inglo-

161 3609 324 3747 buloium
350 3671 453 3784 veluti
476 3673 594 3749 seriem
616 3675 768 3750 conversi
791 3673 958 3770 intestini,
985 3688 1140 3778 tanquam

123 3791 224 3889 ιιιιι
246 3789 419 3870 chordae·
407 3807 641 3869 insertorum.
669 3793 764 3871 Illud
780 3808 893 3873 autem
915 3795 951 3871 in
986 3794 1037 3871 his
1061 3797 1138 3874 locis

137 3911 368 4055 eontractis
357 3910 654 4016 ‚convulsum
676 3911 856 4014 spectabile
875 3927 961 4015 est,
986 3915 1109 4018 quod
1097 3944 1134 3994 ιιι
