2544 4710
573 442 729 553 (aa)

150 595 257 706 Bos,
285 635 385 712 quam
411 610 547 704 rarius,
576 627 609 684 et
634 615 819 686 inconstans
830 638 942 687 earum
960 615 1001 686 sit
1018 613 1137 720 ἱιιςιιιι

160 757 243 829 sus,
271 755 379 832 quam
396 733 516 804 inocrta
542 731 685 804 habeant
717 733 823 832 prima
847 724 963 829 signa.
1002 733 1136 818 Etenim

155 830 394 950 nonnunquam
418 850 538 924 frustra
579 850 776 924 variolarum
816 849 983 947 praeludia
1018 850 1135 925 videris

77 1034 80 1039 .
157 967 324 1044 advenisse
342 997 619 1073 ,nonnunquam
643 970 810 1075 variolas
801 996 887 1071 ipsas
918 969 1071 1045 subito
1061 996 1135 1044 ιπε-

156 1117 262 1189 pere,
270 1086 463 1193 aliquando
487 1095 532 1166 ita
555 1091 704 1194 larvari,
730 1108 768 1166 ut
797 1104 970 1191 repentem
991 1110 1133 1196 apspare·

155 1226 242 1303 ant,
270 1239 348 1284 cum
371 1214 605 1312 exspectaveris
629 1212 725 1311 longe
741 1212 858 1285 aliud
872 1212 990 1286 Tanta
1004 1215 1132 1285 venien·

143 1314 250 1402 'tis
221 1357 293 1430 ejus
315 1328 427 1406 morbi
452 1335 663 1408 inconstantia
688 1347 767 1407 est
794 1332 874 1403 Vidi
897 1332 1022 1426 etiarn,
1049 1332 1132 1406 obti-

151 1449 308 1522 nentibus
333 1449 492 1544 variolis,
520 1449 684 1528 nonnullis
709 1449 953 1551 ophtalmiatn,
982 1463 1040 1525 aut
1064 1451 1131 1523 fin·

137 1566 244 1645 ‘cium
268 1572 441 1668 pessimm
466 1569 760 1669 inflammationem
776 1569 1063 1668 ,supervenisse,
1089 1569 1130 1640 ci·

152 1703 200 1760 tra
225 1691 439 1789 praesentiam
462 1692 502 1762 iis
524 1692 558 1763 in
582 1664 715 1764 sedibus
747 1687 977 1777 variolamm3
1015 1703 1053 1763 ut
1076 1715 1131 1798 ap·

148 1822 278 1919 pareret
302 1826 341 1880 ea
366 1809 451 1882 mala
475 1832 626 1881 caussam
651 1807 802 1880 habuisse
819 1834 838 1880 ι
856 1805 1014 1883 variolosa
1039 1794 1126 1881 dissi·

153 1927 293 2000 rnilem
323 1927 425 2018 Quod
451 1927 592 2001 ostendit
617 1927 788 2000 Medicum
814 1953 983 2028 nunquam
1006 1920 1126 2028 posse,

145 2028 226 2119 ‘utut
251 2049 408 2146 optimam
433 2046 639 2122 variolarum
665 2061 815 2127 namnam
839 2045 1002 2148 aliquota
1024 2046 1127 2123 homi·

151 2193 195 2240 ne
217 2168 411 2267 pervideat,
439 2168 480 2240 de
506 2167 667 2240 variolosi
708 2165 854 2266 corporis
885 2181 1007 2241 eventu
1044 2182 1127 2273 certo

150 2288 314 2362 definire:
342 2287 425 2360 adeo
450 2285 548 2359 latere
571 2298 705 2419 poemat
729 2288 817 2361 varia
842 2289 877 2360 in
916 2286 1036 2364 eodem
1060 2313 1125 2363 cor·

151 2432 254 2524 poro
257 2432 411 2501 venena,
438 2433 551 2508 quae,
579 2408 606 2479 si
630 2432 710 2480 curn
734 2404 894 2481 varioloso
919 2405 1120 2500 efferantur,

153 2516 189 2598 ιιι
213 2527 324 2602 medio
348 2526 604 2600 felicissimorum
622 2525 820 2600 variolamm
836 2553 956 2619 αιιιιιι,
977 2539 1125 2630 tanquam

149 2669 192 2715 ex
216 2644 364 2738 insidiis,
392 2643 562 2718 hominem
588 2643 737 2743 jugulent
758 2699 767 2716 .
787 2645 855 2737 Qui
871 2669 969 2718 casus
982 2657 1124 2748 ut·spon·

50 2759 54 2768 '
115 2759 118 2762 ’
156 2749 189 2836 te
216 2766 328 2858 natis,
354 2764 399 2836 ita
424 2762 603 2863 procuratis
627 2763 779 2836 insitione
803 2761 1121 2855 variolisimminent,

150 2898 183 2956 et
207 2884 292 2957 male
316 2883 464 2957 animatis
488 2885 523 2955 in
546 2880 685 2982 perutile
709 2884 817 2980 generi
831 2881 981 2968 humano
1005 2886 1122 2958 instita·

149 3010 223 3074 tum
247 3027 358 3073 ansam
383 3000 540 3101 praebere
564 3013 698 3103 possunt
722 3002 791 3075 sive
815 3014 852 3079 ut
877 3000 995 3076 artffici
1026 3003 1121 3076 detn-

142 3104 228 3194 ¹hant
249 3177 259 3216 ,
284 3124 354 3196 sive
379 3135 417 3195 nt
436 3123 519 3196 'artis
542 3123 647 3196 famae
665 3177 675 3214 ,
690 3147 774 3223 quae
790 3123 907 3194 merito
923 3147 1044 3223 magna
1061 3149 1119 3199 esse

126 3343 129 3348 ,
145 3241 249 3316 debet
261 3256 276 3337 ',
302 3242 445 3315 officiant
461 3293 470 3315 .
498 3242 627 3316 Harum
642 3243 743 3340 igitur
758 3224 1064 3333 inflammationum'
1074 3271 1119 3320 or·

149 3359 238 3449 ‚dinis
263 3357 383 3431 diversi
408 3358 538 3433 rariolis
562 3358 786 3433 accedentium
804 3361 962 3454 materia,
980 3361 1031 3435 uu·
1047 3387 1119 3439 uon·

78 3474 83 3485 '
145 3503 344 3584 nunquam
340 3490 554 3572 extrorsum,
580 3477 741 3552 beneficio
764 3477 912 3580 quodam
949 3465 1115 3574 Naturae,

141 3596 219 3690 ita,
259 3621 409 3696 perversa
446 3534 652 3691 directione,
667 3609 746 3670 aut
770 3593 908 3700 indole,
947 3597 1116 3672 introrsum

147 3651 224 3788 ferri
248 3727 383 3813 potest.
391 3712 487 3787 Imo
511 3715 620 3787 nescio
635 3741 688 3788 an
710 3741 780 3790 non
802 3695 901 3788 etiam
936 3709 1095 3798 facilius
1086 3741 1113 3788 ιι
1165 3786 1167 3803 ,

145 3831 346 3909 variolosis
337 3847 516 3908 rntromurn
538 3846 704 3931 operetur,
724 3845 828 3906 stante
838 3859 1004 3911 viscerum
1017 3835 1112 3910 omni·
1165 3828 1167 3839 '

120 3974 234 4054 um,
261 3957 467 4059 partiumque
492 3955 723 4060 interiorum,
761 3955 878 4057 majori
917 3958 1114 4049 teneritate,
