2544 4710
629 433 787 538 (354)

226 595 406 696 plrymatis
430 591 579 686 similes,
605 589 688 665 aliae
712 618 779 667 uon
796 588 1006 667 umbilicatae
1019 585 1141 668 similes
1156 614 1216 669 rc·

235 719 342 808 sicis,
370 728 459 787 recte
483 713 565 786 mibi
590 713 751 808 ridetur,
777 727 875 786 etex
900 715 948 786 rei
972 727 1087 811 natura
1112 716 1217 813 scrip·

236 839 314 909 sisse
340 837 550 910 Graecorum
575 833 806 908 Turourussu
830 831 923 934 (d),
953 829 980 910 si
1018 854 1099 910 vere
1123 834 1221 909 bunc

229 951 418 1046 morbum,
445 953 540 1054 quud
563 967 656 1051 putat
680 952 835 1026 Husrms
856 949 911 1055 (c)
936 966 1102 1029 memorat
1123 1008 1135 1047 ‚
1154 956 1216 1055 qui

231 1071 295 1145 sub
318 1072 560 1154 Curuucmuro
592 1075 685 1173 Rege
708 1098 796 1147 auno
821 1073 894 1149 520
919 1073 1043 1147 Gallias
1066 1074 1217 1167 alilixit,

231 1219 311 1268 cum
342 1220 428 1270 cum
449 1214 634 1288 rusruurs,
662 1209 699 1268 et
722 1219 847 1268 vesicis
878 1196 1029 1268 maelium
1042 1196 1221 1298 popadum

231 1312 399 1416 effecisse
437 1333 580 1392 morte.
624 1312 831 1388 Umbilicata
863 1325 976 1388 autem
1007 1314 1220 1414 pustularum

230 1436 367 1527 lbrma,
393 1461 479 1534 quae
504 1434 628 1533 primae
653 1433 806 1506 omnium
834 1429 938 1506 solent
963 1459 1134 1533 apparere,
1153 1436 1220 1509 mi-

231 1553 268 1628 lri
291 1552 421 1627 videtur
454 1552 497 1627 ad
523 1552 634 1627 morbi
658 1551 809 1629 variolosi
824 1557 1041 1654 praesentiam
1066 1580 1216 1630 asseren-

236 1670 314 1744 dam
339 1671 436 1744 valde
459 1670 666 1746 commodet
692 1673 787 1770 cujus
827 1698 908 1746 cum
949 1673 1054 1772 prima
1093 1675 1213 1773 passim

235 1788 378 1864 obscura
404 1791 469 1865 siut
493 1793 612 1889 sigua,
639 1817 705 1866 nou
730 1788 803 1864 leve
826 1788 871 1862 ad
903 1790 977 1888 ejus
1015 1791 1217 1867 affirmatio·

237 1935 316 1983 nem
342 1898 573 2008 adjumentum
598 1910 677 1984 dure
699 1921 808 2010 potest
833 1906 1031 1982 bucceliam
1055 1909 1220 1984 nasceut'u

135 2124 138 2132 ,
235 2016 385 2124 pustulae
409 2032 489 2102 cum
514 2027 643 2105 for-eota
665 2029 700 2100 iu
725 2038 839 2100 centro
864 2025 972 2124 ligura
996 2023 1173 2125 singtilaris
1201 2077 1214 2102 .

236 2142 346 2241 Cujus
370 2144 545 2267 foveolae,
570 2172 673 2247 quam
698 2169 859 2220 vocamus
898 2141 1140 2240 umbilicum,
1180 2158 1218 2220 ut

228 2290 386 2338 caussam
411 2292 694 2367 assequeremur,
721 2291 789 2340 non
813 2264 916 2339 semel
939 2263 1028 2339 aliud
1054 2200 1160 2368 utqrie
1181 2285 1231 2340 a>

231 2381 300 2454 liud
326 2386 437 2456 animo
475 2384 716 2487 perpendentes
738 2380 835 2457 dubii
871 2381 1026 2457 fuimus.
1063 2381 1218 2458 Demum

130 2488 163 2534 ¹¹
232 2500 358 2575 subivit
382 2505 530 2579 animum
555 2506 708 2602 eogitatio
741 2502 911 2577 tribuendi
947 2502 1032 2577 forte
1074 2503 1217 2580 umbili-

233 2652 314 2701 cum
332 2621 426 2696 illum
450 2621 493 2696 ad
517 2621 573 2722 pili
599 2621 736 2722 alicujus
761 2623 890 2696 cuunei
914 2620 1030 2696 sedem
1049 2677 1060 2717 ,
1078 2625 1137 2697 cui
1154 2650 1216 2723 pu·

235 2745 320 2821 stula
346 2744 503 2819 radicitus
527 2743 741 2837 inhaesisset,
768 2754 809 2817 ut
831 2741 916 2815 adeo
939 2744 1218 2840 promineretun·

235 2865 340 2966 elique
364 2863 512 2964 pustulae
536 2890 687 2965 corpus,
730 2863 794 2937 uisi
817 2888 899 2964 quo¹
911 2861 997 2962 pilus
1035 2864 1106 2939 cuti
1132 2861 1215 2945 atari

234 2988 334 3061 instar
358 2983 581 3085 infigebatur.
609 2985 657 3058 Et
678 2983 817 3086 quidem
840 3009 861 3058 e
884 2981 995 3058 medio
1034 2982 1219 3083 plerarum-

235 3132 301 3207 que
326 3104 535 3204 pustularum
570 3103 732 3198 umbilico
754 3103 841 3205 pilus
863 3129 952 3180 vere
969 3102 1103 3204 prodire
1128 3089 1217 3182 iide

235 3224 366 3313 batur3
393 3225 451 3300 secl
491 3221 629 3324 pustulis
656 3221 790 3314 multis,
817 3234 980 3323 quantum
1019 3223 1157 3298 armatis
1182 3250 1215 3298 e·

235 3347 314 3420 tiam
341 3344 445 3420 oculis
479 3369 756 3447 assequeremur,
792 3342 948 3417 deerat:
986 3343 1091 3418 nescii
1129 3369 1210 3420 uum

135 3470 143 3491 '
236 3461 314 3562 quia
339 3464 480 3537 caustica
505 3476 621 3537 netum
645 3458 796 3536 variolosi
819 3461 940 3549 veneni
970 3486 1093 3538 cresus
1129 3461 1212 3564 pilus

237 3578 406 3656 decidisset
428 3635 439 3676 ,
466 3608 508 3657 au
533 3608 614 3661 vero
635 3581 726 3685 quod
750 3606 818 3658 nou
842 3607 990 3680 omnes,
1015 3595 1056 3659 ut
1080 3581 1212 3661 umbili-

615 3757 816 3783 nvn—...-

239 3846 290 3940 (d)
313 3832 398 3919 Hm.
424 3849 483 3920 Fr.
511 3851 590 3925 Lib.
616 3876 661 3927 rr·
754 3853 802 3947 ie)
825 3852 984 3930 lluetima
1019 3853 1065 3930 N.
1090 3875 1164 3936 ιιι..

283 3981 355 4052 Cap.
382 3981 448 4030 xiv.
