2544 4710
643 359 659 460 (
689 364 799 464 rad)

149 505 151 512 ⁵
235 544 402 592 annorum
441 545 497 592 sex
521 534 555 591 et
591 523 824 621 quinquaginta
893 524 1069 622 corripitur
1100 534 1212 595 mense

238 637 425 741 Septembri
449 637 622 714 ischiadioo
638 640 764 722 dolore
795 640 1006 733 vehementi,
1024 643 1122 739 cujus
1148 667 1215 714 cer-

202 773 206 784 *
238 771 306 830 tam
331 755 413 830 milri
436 756 593 849 paussam
607 760 717 832 sistere
757 760 926 836 nesciret.
954 758 1063 834 Dolor
1089 773 1109 832 a'
1133 758 1215 830 sacri

202 890 205 896 '
238 879 318 952 ossis
341 882 473 977 regione
486 906 554 981 per
590 885 804 981 posteriorem
841 897 968 983 partem
1009 880 1147 979 majoris
1171 880 1217 952 fe-

238 1000 341 1115 moris
377 991 620 1096 troclranteris‚
659 1029 783 1103 perque
819 1000 1011 1101 poplitem,
1037 1003 1216 1098 prioraque

129 1182 131 1186 .
238 1118 377 1212 cruriS,
414 1121 643 1222 exteriorisque
683 1120 853 1215 malleoli,
881 1122 916 1193 in
940 1121 1083 1219 subjecti
1121 1119 1212 1218 pedis

240 1242 377 1314 dorsum
402 1223 577 1318 veniebatis
605 1239 815 1340 Applicatum
851 1242 882 1314 ei
920 1239 1024 1313 fuerat
1064 1237 1216 1338 amplum

242 1359 388 1430 resicans
413 1359 447 1429 in
473 1357 559 1455 sede‘
573 1359 746 1432 articulum
772 1361 906 1433 femoris
930 1387 1008 1434 cum
1033 1385 1117 1432 coxa
1143 1383 1213 1454 spe

240 1493 378 1572 etanta,
406 1499 475 1580 q'uo
501 1485 645 1552 maxime
669 1480 762 1554 dolor
786 1479 1012 1554 sentiebatur:
1039 1478 1097 1551 sed
1124 1478 1211 1550 enci«

240 1612 346 1673 tatum
372 1600 463 1679 ulcus
487 1604 547 1674 etsi
571 1583 753 1676 manaverit
779 1601 865 1692 diu,
895 1600 988 1672 dolor
1023 1613 1137 1671 tamen
1160 1599 1210 1671 in-'
1234 1661 1236 1666 .

237 1733 331 1816 teger
355 1723 558 1817 permansit.
587 1722 733 1820 Experto
758 1721 917 1792 inutiliter
941 1721 1113 1795 vesicantis
1139 1745 1216 1816 ope-

240 1868 305 1929 r·a;
335 1841 426 1913 sedes
451 1842 567 1914 eadem
591 1845 698 1940 ignito
726 1843 814 1916 ferro
838 1841 1003 1940 profunde
1021 1842 1130 1916 inusta
1146 1854 1216 1920 esta

220 1971 224 1978 '
242 1960 300 2032 sed
326 1948 424 2034 dolor'
443 1975 476 2032 et
502 1975 678 2055 manante,
707 1975 739 2033 et
765 1960 902 2034 solidato
916 1960 990 2034 'hoc
1016 1958 1119 2033 altero
1133 1961 1215 2057 ignis

244 2081 379 2174 ulcere,
406 2080 619 2156 nihilomiuus
648 2085 890 2179 perseveravit.
919 2081 1073 2152 Tandem
1091 2079 1219 2178 plenam

172 2194 180 2206 ’
244 2205 377 2275 sustinet
401 2203 714 2303 hydrargyrosim3
743 2229 849 2302 neque
874 2201 968 2274 dolor
994 2215 1070 2298 post
1094 2201 1220 2273 diutur-

157 2424 159 2429 .
241 2351 320 2399 uam
346 2321 573 2398 salivationem
587 2320 777 2426 quidquam
795 2321 1023 2396 imminuitur.
1052 2320 1133 2392 Adit
1146 2330 1219 2416 post

243 2448 353 2540 haec,
383 2473 494 2520 mense
517 2475 537 2519 a
561 2445 673 2519 morbi
699 2444 827 2542 origine
866 2442 1047 2516 undecimo
1068 2498 1078 2534 ,
1106 2441 1220 2514 Nosu.
1252 2508 1255 2514 ,

241 2572 416 2664 onmium,
444 2583 637 2670 nostraeque
664 2593 761 2642 curae
787 2566 1004 2639 committitur
1032 2617 1043 2636 .
1072 2563 1117 2634 Ei
1142 2589 1220 2635 cum

244 2693 336 2765 alvus
361 2703 442 2789 esset
466 2716 524 2788 per
549 2690 696 2781 sanita,
724 2711 831 2784 neque
868 2684 953 2757 vitae
979 2681 1066 2755 vires
1097 2680 1215 2752 nimiae

248 2822 379 2902 essent,
407 2819 440 2878 et
464 2805 528 2890 alvi
554 2804 776 2898 solutionem,
804 2817 837 2876 et
861 2801 1048 2888 missionem
1083 2798 1213 2895 sangui·

237 2932 298 3003 -nis
321 2929 526 3028 pepercimus
546 2982 554 2998 .
585 2924 706 2998 Statim
730 2949 808 3021 ergo
832 2920 875 2993 ad
900 2915 1021 2991 fibulae
1046 2929 1223 3014 caputve.
1252 2958 1254 2962 .

246 3054 352 3126 sicans
377 3049 592 3148 emplastrum
615 3047 772 3145 jussimus
797 3041 978 3142 applicari.
1006 3037 1115 3135 Hujus
1140 3061 1218 3133 ope-

236 3197 286 3242 ra
311 3173 421 3244 vesica
446 3169 579 3265 insignis
604 3168 740 3238 excitata
764 3175 841 3256 est,
867 3190 933 3263 qua
957 3148 1015 3258 pen
1040 3185 1074 3230 se
1099 3172 1217 3256 rupta,

252 3270 362 3362 serum
386 3285 524 3388 quidem
550 3286 693 3359 fluidum
718 3281 864 3358 multum
890 3282 1040 3370 effluxit,
1074 3277 1218 3350 multum

236 3424 360 3482 ‘tamen
385 3405 597 3506 coagulatum
620 3419 655 3479 et
679 3419 775 3477 tenax
799 3403 835 3475 in
860 3404 967 3477 vesica
982 3399 1136 3472 relietum
1152 3412 1225 3491 est,

237 3528 366 3628 quod,
392 3527 518 3601 vesicae
543 3523 692 3624 pellicula
716 3522 847 3617 recisa,
874 3520 1043 3599 abrasione
1076 3520 1221 3618 quadam*

199 3672 202 3676 ’
252 3659 301 3720 est
325 3661 535 3738 extractum.
577 3644 695 3716 Postea
718 3641 763 3715 ab
788 3668 827 3746 ea
862 3644 971 3718 vesica
994 3639 1053 3741 qui
1092 3643 1221 3714 effluere

251 3745 498 3863 perseveravit,
525 3761 643 3834 densus
668 3758 750 3834 adeo
776 3760 896 3834 humor
920 3762 982 3832 suit
998 3814 1008 3853 ,
1027 3772 1063 3831 ut
1088 3757 1213 3850 facias,

248 3888 453 3989 ·quae¹uleus
478 3884 707 3987 obtegebant,
732 3869 876 3961 invicem
893 3880 1135 3982 glomerent,
1164 3906 1221 3961 cu.
