2544 4710
586 395 742 497 (87)

150 570 275 636 tenure
299 555 462 650 libuerit,
489 558 602 630 iterata
627 553 643 655 (
667 579 762 652 saepe
777 554 876 653 xenim
901 551 1122 652 sicporsecit,

150 666 258 778 quami
276 677 378 755 semel
401 679 544 751 instituta
569 678 779 752 inchoaverat
792 673 1017 774 curationem)
1036 701 1124 747 mor-

148 796 214 872 bus
238 802 376 874 omniuo
400 826 468 874 non
492 799 654 893 evanuit,
682 797 749 871 duo
773 809 850 870 sunt
872 794 992 872 auxilia
1016 794 1124 869 effica-

148 921 230 997 citer
256 919 471 1017 usurpanda:
501 919 569 993 alvi
585 919 696 996 valens
719 917 865 1010 eductio,
891 931 924 989 et
947 915 1050 1015 partis
1074 914 1124 987 as-

147 1037 250 1113 fectae
275 1039 470 1114 frictiones.
506 1039 601 1130 Quae
626 1039 693 1113 duo
719 1036 787 1110 suis
818 1034 949 1136 legibue
983 1033 1123 1107 admini-

145 1159 280 1235 stranda
303 1176 405 1235 sunt.
433 1160 568 1234 Etenim
594 1157 760 1234 incitanda
774 1171 822 1233 est
849 1156 942 1231 alvus
967 1155 1049 1229 duos
1075 1154 1123 1228 oh

145 1280 229 1359 fines
249 1334 259 1374 ‚
286 1295 319 1354 et
344 1266 391 1355 ne
410 1280 486 1355 iude
510 1280 591 1382 quid
608 1281 699 1355 noxii
714 1306 816 1354 venae
833 1277 1014 1372 attrahant,
1032 1276 1124 1378 quod

144 1397 281 1473 ultenm
305 1400 344 1473 iu
364 1401 556 1498 sauguinem
583 1399 726 1476 relatum
756 1397 908 1474 ischiadis
946 1400 1122 1472 materiam

144 1522 253 1618 possit
276 1547 418 1616 augere,
443 1532 477 1591 ct
502 1535 566 1611 ut,
584 1522 729 1596 vacuatis
752 1546 811 1619 per
824 1520 979 1599 intestina
998 1517 1118 1593 humo·

142 1637 235 1711 ribus
252 1637 447 1732 ,debiliores
457 1639 537 1714 fiant
551 1639 635 1711 ritae
660 1638 746 1710 vires
758 1691 769 1730 ‚
782 1651 817 1710 et
829 1636 996 1736 sauguinis
1006 1664 1122 1714 accur-
1166 1647 1170 1655 ’

138 1782 195 1831 sus
220 1757 266 1853 ad
286 1757 437 1832 ischiadis
462 1757 574 1831 sedem
598 1757 776 1830 infirmior.
805 1756 980 1857 Siquidem
1004 1755 1113 1833 habeo

142 1888 352 1974 compertum
364 1878 446 1948 inter
458 1875 586 1968 alvum,
603 1888 636 1948 et
648 1902 745 1948 crura
758 1901 950 1951 consensum
963 1904 1121 1976 magnum

141 1995 372 2075 intercedere:
401 2009 468 2089 ut,
495 1995 569 2070 alvo
594 1996 777 2091 adstricta,
804 2009 993 2095 gravescere
1017 2025 1119 2079 crura

140 2115 299 2206 videam,
327 2129 360 2189 et
384 2115 511 2214 torpida
535 2115 637 2205 cerr,
662 2113 795 2209 soluta,
815 2201 818 2210 Ι
838 2113 939 2189 levari
978 2119 1118 2209 statim,

140 2235 356 2338 expeditaque
381 2263 468 2311 esse.
496 2233 754 2329 Rheumatieum
776 2236 871 2332 vidi,
889 2240 984 2337 cujus
1008 2237 1121 2316 alvum

141 2357 200 2431 diu
223 2355 368 2431 clausam
394 2382 530 2430 crurum
555 2369 703 2454 torpor,
730 2367 764 2433 et
799 2358 938 2454 gravitam
975 2355 1120 2436 sociaba-

141 2491 228 2552 tur:
256 2474 354 2561 alvo,
380 2501 487 2574 pauco
512 2487 678 2572 assumpto
703 2474 776 2549 oleo
802 2479 930 2582 egregie
946 2475 1063 2566 soluta,
1079 2475 1121 2547 li„

143 2596 254 2673 bertas
276 2596 363 2671 illico
387 2597 484 2671 rediit
509 2597 704 2696 gradiendi.
733 2597 874 2696 Egregie
900 2597 1008 2698 itaque
1035 2597 1118 2672 Hm

141 2741 326 2809 recurres,
353 2731 390 2799 ut
414 2731 462 2794 est
486 2715 575 2814 apud
601 2706 762 2790 Cancrum
787 2718 1017 2790 Annuuumunr
1044 2716 1116 2819 (q),

141 2837 264 2916 idilem
289 2837 487 2918 ischiadicis
511 2839 750 2936 dysenteriam
777 2837 949 2910 affirmavit
1026 2834 1067 2905 In
1092 2837 1120 2905 i-

141 2955 310 3035 schiadicis
343 2983 418 3055 ergo
452 2958 478 3028 si
513 2957 595 3035 sorte
634 2969 746 3029 ructus
777 2953 854 3028 olidi
886 3007 896 3046 ,
934 2969 971 3024 et
1006 2977 1120 3049 grates

140 3076 333 3170 habentur,
362 3089 418 3158 aut
441 3074 756 3174 immundanum,
794 3072 937 3164 maxime
962 3071 1117 3161 dexteri,

141 3196 309 3288 molesta,
337 3209 371 3267 et
395 3221 608 3269 murmurans
633 3207 681 3270 est
705 3192 916 3266 contrectatio
949 3245 959 3282 ,
998 3213 1115 3286 pravo-

143 3351 218 3402 rum
242 3323 451 3412 humorum,
478 3323 539 3422 qui
563 3322 711 3418 primas,
739 3328 778 3389 ut-
802 3316 920 3412 ajunt,
948 3314 1016 3383 rias
1052 3307 1113 3380 ob·

143 3444 294 3537 sideant,
323 3441 499 3538 praesentia
525 3439 687 3512 iudicatur
707 3465 724 3519 ιχ
745 3437 795 3509 his
819 3432 896 3509 utile
935 3445 982 3507 est
1023 3456 1117 3500 cmo«

144 3567 249 3645 ticum
262 3617 280 3647 .,
301 3562 408 3652 Quod,
425 3574 532 3659 potest
551 3617 561 3650 ‚
589 3563 616 3633 si
640 3558 778 3632 morbus
803 3566 988 3654 perseueret
1016 3606 1026 3642 ,
1055 3551 1118 3622 ite«

145 3690 235 3761 rari.
264 3686 379 3784 Nuper
404 3683 466 3768 hac
490 3681 629 3755 isdriade
655 3679 816 3761 laboranti
851 3676 925 3759 data
957 3699 1015 3774 per
1044 3684 1117 3752 tres

144 3905 192 4006 (q)
215 3902 304 3985 uoco
325 3907 471 4004 proxime
495 3903 591 3975 cicaro
616 3924 650 4009 P,
677 3926 716 3965 m
758 3894 833 3994 549
