2544 4710
110 637 114 644 ¹
248 557 366 622 humor
389 563 435 624 est
456 552 640 645 impertitus
660 555 824 621 mucosum
847 575 966 647 corpus
998 539 1106 624 tume-

119 745 121 749 ¹
248 666 379 749 faciens,

461 794 492 869 F
518 794 538 868 I
562 796 614 875 G.
665 794 736 870 111.

224 929 316 1023 Quae
337 928 445 1001 littera
467 958 490 1002 α
510 933 634 1027 figurae
657 934 784 1026 primae
806 945 877 1002 erat
893 959 1043 1020 nascens,
1069 949 1100 1004 et

195 1101 198 1107 ,
243 1043 351 1111 littera
373 1042 517 1137 ejusdem
537 1045 558 1110 b
580 1043 755 1136 perfectior
776 1044 918 1139 pustula,
944 1048 1010 1115 hac
1033 1061 1099 1116 ter-

242 1153 288 1221 tia
311 1153 415 1249 figura
437 1165 484 1223 est
506 1155 542 1220 in
564 1153 673 1224 medio
695 1160 953 1251 suppurationis,
969 1161 1007 1224 in
1031 1184 1098 1252 quo

114 1354 117 1359 ⁴
237 1275 320 1333 statu
338 1277 474 1356 praeter
496 1260 617 1337 molem
638 1271 857 1362 proportione
881 1282 1024 1354 auctam,
1048 1269 1099 1337 di·

239 1375 461 1467 stinguuntur.
487 1395 492 1404 ’
805 1462 810 1470 1

149 1511 187 1554 aa
216 1484 369 1554 Ambitus
390 1483 537 1578 pustulae
560 1486 744 1559 rubescens.

169 1597 194 1664 s
218 1597 343 1666 aeuus
365 1597 551 1666 subalbidus
572 1577 934 1688 lacrumarum,
961 1601 1025 1671 uss
1038 1629 1095 1696 pus>

228 1694 381 1800 ⁴primum
404 1721 591 1802 generatur.

171 1841 189 1884 c
212 1816 394 1886 Umbilicus
417 1817 485 1888 fere
507 1819 549 1887 ad
572 1819 658 1888 idem
681 1815 817 1913 planum
846 1842 920 1886 cum
944 1822 1091 1912 pustulae

190 1952 192 1957 ’
235 1920 360 1998 ambitu
380 1934 535 2021 proximo
558 1930 719 2017 elevatus,
744 1928 908 1998 subeuntis
944 1938 1040 2025 puris
1062 1937 1093 2001 vi

240 2040 287 2111 ah
305 2040 402 2109 anulo
424 2039 603 2133 purulento
626 2041 879 2126 circumstante,
897 2046 977 2137 quia
1002 2043 1093 2136 paul·

186 2149 198 2242 l
234 2147 328 2216 latim
348 2151 551 2243 superiorem
573 2149 720 2217 sebaceae
754 2149 924 2245 glandulae
961 2168 1093 2248 partem

238 2261 387 2350 destruit,
402 2275 434 2330 et
448 2248 547 2358 veluli
559 2259 737 2355 retinaculo
748 2260 867 2330 liberet
882 2262 1089 2334 umbilicum,

207 2524 309 2618 Ejus,
334 2508 417 2620 quae
439 2529 544 2618 figura
565 2527 662 2598 tertia
679 2522 860 2594 'exhibetur
881 2528 1026 2624 pustula,
1044 2558 1088 2601 se-

232 2643 374 2708 ctionem
396 2626 697 2733 perpendiculatain
718 2642 863 2715 exhibet.

144 2777 182 2822 aa
205 2751 331 2823 cavum
352 2753 565 2848 purulentum
587 2782 606 2822 a
628 2758 749 2823 vertice
772 2756 813 2824 ad
848 2753 951 2823 basim
975 2769 1085 2850 pustu-

227 2861 281 2930 lae
302 2860 501 2947 distentum,
525 2887 594 2957 quo
618 2861 740 2933 inclusa
762 2863 917 2960 glandula
953 2865 1081 2936 sebacca

231 2973 402 3068 paullatim
423 2974 614 3043 destruitur.

140 3079 187 3156 bb
210 3081 338 3178 Corpus
359 3086 439 3152 cutis
461 3082 628 3175 pallidius,
654 3095 686 3150 et
709 3086 882 3178 integrum.

470 3213 619 3288 FIG.
664 3212 711 3286 V.
783 3261 787 3268 =

149 3356 152 3362 '
208 3349 374 3420 Pustulam
409 3350 542 3420 exhibet
561 3349 768 3421 ‘variolosam
802 3357 837 3422 in
866 3366 997 3425 exactae
1017 3363 1089 3450 jam,

229 3465 470 3558 suppurationis
493 3477 577 3547 statu
601 3463 761 3558 globulari
784 3490 867 3558 pene
888 3466 1023 3554 forma,
1047 3469 1080 3533 in

230 3577 319 3664 cujus
354 3574 476 3641 vertice
511 3573 570 3641 ubi
604 3571 690 3645 sedes
723 3572 869 3646 umbilici
891 3590 961 3646 erat
986 3604 1083 3673 appa-

232 3694 282 3752 ret
305 3689 320 3723 ²*
344 3684 496 3764 eminens,
510 3705 645 3780 gemtum

177 3786 191 3815 ‘t
512 3789 517 3814 ’.
