2544 4710
583 361 743 464 (ω)

175 518 305 591 fuerant
332 517 480 591 multae:
497 530 652 616 vegetus,
669 517 807 614 alacris,
829 521 1000 619 impatiens
1024 518 1150 615 stimuli

170 632 320 738 pustulas
337 635 397 709 sibi
411 653 494 735 pene
507 662 619 710 ornnes
635 624 875 714 dilaceraverat.
896 638 1035 713 Decimo
1048 665 1149 739 quar-

174 768 210 828 to
221 782 364 854 purgans
387 769 553 854 receperat
568 783 577 846 3
594 756 867 858 dejeceratpauca
883 810 892 829 .
908 754 990 830 ‘sed
1013 751 1145 830 decimo
1170 763 1174 773 '

174 877 290 976 quinto
305 879 322 970 ,'
335 875 491 949 omnibus
514 890 646 978 repente
670 859 901 971 commutatis,
919 901 1014 950 scena
1039 878 1075 949 fir
1093 878 1144 948 in-

173 998 305 1070 fausta:
336 997 650 1096 conciduut'rircS,
677 995 834 1096 pallescit,
863 997 998 1095 supinus
1023 991 1145 1068 imino·
1254 1023 1258 1031 ’

169 1116 281 1191 biliter
305 1118 374 1210 fir,
410 1119 515 1193 oritur
537 1116 718 1216 respirandi
743 1115 913 1191 difficultas
954 1143 1033 1190 cum
1060 1128 1143 1187 stre-

170 1240 243 1337 pitu
269 1237 413 1338 quodam
437 1241 592 1312 materiae
615 1237 775 1311 bronchia
799 1238 996 1330 insidentis,
1027 1235 1142 1336 pulsus

166 1357 287 1430 minuti
312 1359 425 1453 fiurrt,
454 1374 486 1432 et
511 1356 651 1452 crebri,
679 1372 776 1459 caput
800 1357 1024 1458 opprimitur,
1061 1384 1152 1442 con·¹

167 1477 281 1552 vulsus
304 1479 440 1554 demum
456 1507 560 1578 ,aeger
585 1477 777 1554 occumbit.
922 1469 923 1472 ¹

129 1700 134 1707 Ι
268 1597 389 1672 XXX.
418 1597 506 1672 Saue
530 1626 630 1700 quam
656 1596 779 1671 indolui
798 1608 830 1690 ,'
853 1615 938 1679 cum·
956 1610 1134 1695 ereptam,

162 1718 408 1816 praecisamque
433 1717 516 1790 mibi
541 1744 634 1816 spem
660 1713 702 1788 de
726 1743 822 1814 aegro
847 1716 928 1808 vidi,
956 1745 1060 1817 quam
1077 1715 1143 1790 bo·

126 1850 129 1855 ’
163 1841 214 1909 nis
238 1851 427 1934 conceptam
446 1836 573 1911 indiciis
599 1835 722 1909 tamdiu
740 1861 872 1908 securus
888 1833 1047 1909 alueram.
1062 1835 1136 1908 'Sed

164 1970 274 2028 tamen
289 1983 462 2054 persuasus
474 1956 517 2030 de
530 1955 729 2054 pulmonum
744 1955 880 2052 infanta,
895 1955 930 2026 in
942 1981 1025 2056 quos
1043 1981 1135 2028 mor·
1264 1975 1271 1989 ⁸

161 2075 228 2148 bus
252 2078 371 2174 passim
398 2074 493 2148 fallax
519 2073 605 2148 clam
634 2072 862 2167 decubuerit,
889 2075 935 2146 rei
961 2087 1067 2146 certus
1092 2072 1135 2147 ad

159 2192 328 2264 tardaveris
342 2191 572 2265 dissectionem
587 2192 721 2294 accessi.
741 2189 810 2266 Sed
821 2215 927 2292 quam
942 2215 1023 2263 vana
1039 2181 1135 2290 saepe

157 2325 268 2384 nostra
292 2324 368 2383 sunl
381 2310 526 2408 judicia!
555 2309 695 2382 Initium
720 2306 901 2380 dissecandi
925 2334 944 2380 a
961 2307 1068 2405 capite
1085 2307 1137 2378 fa·

167 2443 259 2502 ctum
278 2442 339 2501 est.
360 2429 424 2501 Sed
443 2443 537 2502 autea
553 2430 588 2502 in
612 2453 735 2527 corpus
760 2427 949 2501 universum
975 2427 1131 2498 extrinse-

108 2648 112 2656 .
165 2575 226 2623 cus
243 2553 490 2646 spectavimus,
517 2576 586 2648 quo
614 2574 652 2621 se.
687 2561 845 2648 tauquam
876 2547 1014 2619 anteacti
1048 2545 1126 2619 belli

159 2694 258 2741 scena
274 2666 486 2742 offerebatur.
507 2665 600 2740 Nihil
611 2680 680 2738 erat
693 2662 971 2738 animadversione
988 2663 1130 2763 dignum
1251 2682 1255 2690 '

160 2787 222 2858 nisi
246 2785 338 2886 quod
363 2785 590 2858 membrorum
612 2784 706 2883 pueri
732 2783 877 2880 rigiditas
901 2795 985 2854 esset
1010 2781 1127 2872 nalla‚·

159 2904 298 2978 dorsum
318 2962 329 3000 ,
354 2908 388 2978 in
412 2905 503 3005 quod
519 2903 760 3003 decubuerat,
782 2905 959 2977 universim
969 2902 1127 2993 imberet3
1148 2970 1152 2977 ,
1176 2963 1178 2970 ,

139 3038 186 3102 ,εἰ
219 3027 404 3101 abdominis
427 3040 613 3124 tegumenta
639 3024 737 3098 foedo
762 3027 869 3098 virore
892 3006 1083 3098 lirescerent
1111 3077 1122 3100 .

152 3143 310 3247 Pustulac
334 3146 496 3222 adunam
519 3169 658 3236 omnes,
686 3167 769 3241 quae
794 3140 939 3238 integrae
953 3139 1127 3238 supersue-

153 3280 256 3360 rant,
283 3265 374 3339 bono
397 3293 478 3364 pure
499 3264 615 3364 plenae
630 3262 823 3339 visebantur
843 3289 854 3349 3
882 3287 963 3363 quas
986 3272 1025 3332 ut
1048 3263 1119 3360 jus·
1219 3347 1222 3354 ι

154 3386 184 3458 si
208 3365 391 3458 secundum
415 3383 764 3482 altitudinemaperiri
788 3379 832 3455 ad
854 3376 1120 3478 pinguitudinem

141 3532 286 3605 usque,
312 3531 431 3581 cavum
454 3503 523 3578 ridi
546 3503 668 3604 habere
692 3499 939 3601 purulentum,
966 3495 1123 3592 curicula,

151 3624 377 3704 cucurbitulae
402 3623 503 3700 instar
527 3633 744 3722 assurgente,
770 3620 1000 3709 fornicatum3
1026 3621 1123 3718 cujus
1199 3670 1202 3677 .
1227 3636 1229 3641 ·

145 3745 325 3822 crassitudo
348 3800 358 3839 ,
378 3754 521 3816 evaserat
539 3741 628 3816 euim
652 3721 864 3841 spongiosior,
891 3736 1084 3838 molliorque
1107 3763 1120 3823 ;

106 3903 109 3908 ·
140 3894 219 3944 cum
244 3860 457 3941 crassitudine
482 3859 563 3936 cutis
581 3858 702 3965 ,g‘q'uae
726 3857 884 3960 pustulae
909 3871 977 3931 erat
990 3854 1116 3951 ‘sabio
1192 3861 1195 3866 ’
