2544 4710
397 341 643 571 =(asoti
757 551 760 556 ,
892 354 901 555 Α.

125 584 215 763 N
217 714 282 761 unc
306 687 441 789 quando
465 689 548 764 mihi
570 746 580 786 ,
606 715 695 805 qnae
720 689 787 765 dno
821 689 898 791 ad
889 691 1054 794 inquiren-

72 805 155 879 dum
178 808 449 942 proposueram,
462 797 538 882 satis
556 791 679 882 alideor
709 807 946 907 explicatisse,
959 806 1055 882 liceat

70 929 106 999 in
130 929 196 999 mei
219 929 326 1025 operis
351 928 447 1024 fine,
474 927 755 1002 Praestantissime
771 926 975 1021 Pnrucunn,
993 925 1055 998 be-

70 1074 113 1121 ne
138 1074 257 1147 cupere
283 1047 422 1123 Civibus
448 1048 535 1124 meis'
550 1106 561 1143 ,
578 1058 619 1122 ut
634 1047 835 1124 naturalium
851 1047 1053 1136 variolarum

74 1170 251 1267 ancipitem
275 1181 430 1262 sortem,
442 1196 563 1272 quam
583 1166 739 1268 nonnihil
758 1165 972 1268 exagitavi,
964 1167 1056 1239 insi-

69 1291 159 1362 tione
183 1303 393 1389 receptarum
409 1292 574 1370 tutissimo
594 1345 605 1389 ,
623 1262 798 1390 solidoque
814 1287 985 1390 beneficio
996 1312 1056 1391 ιιι-
1123 1270 1127 1277 .

68 1423 245 1485 revertant.
276 1411 387 1504 Qua
377 1438 414 1486 m
437 1437 474 1487 re
497 1402 625 1487 utinam
657 1409 793 1488 tandem
829 1411 900 1486 sive
939 1405 1058 1512 arsuri

47 1517 190 1618 scant,
219 1535 287 1606 sive
312 1533 495 1620 universim
517 1534 639 1610 sentire
664 1533 781 1607 melius
798 1528 930 1626 velint,
946 1540 983 1604 et
996 1555 1060 1634 gez

68 1678 187 1726 neroso
212 1655 323 1726 animo
348 1681 407 1752 per
431 1652 580 1727 mediam
610 1648 787 1725 illustrium
828 1648 1056 1784 exemplomm

28 1853 34 1865 ι
68 1770 237 1865 turbam,
265 1797 401 1849 omnem
425 1764 509 1843 boni
534 1783 672 1846 eventus
714 1768 954 1858 dubitationem
988 1769 1057 1842 exi-

66 1891 261 1981 mentium,
289 1888 333 1962 ad
358 1903 469 1964 tutum
501 1915 537 1964 se
570 1889 747 1963 conferant
785 1861 947 2006 adversus
983 1913 1056 1960 rem

63 2036 151 2107 pene
177 2009 434 2104 inevitabilem,
462 2009 674 2120 solidumque
698 2009 946 2116 praesidium
935 1992 1056 2082 moen·

65 2130 226 2204 lationis.
254 2131 301 2203 Et
325 2144 417 2203 tanto
442 2129 637 2231 Principum
661 2131 884 2227 maximorum
902 2126 1056 2226 exemplo

66 2278 185 2326 omnes
210 2265 493 2350 permoveantur,
519 2253 588 2323 sive
611 2250 716 2348 pietas
741 2246 795 2321 illa
829 2249 871 2332 sit
886 2273 972 2346 »erga
996 2272 1053 2344 ge-

57 2398 130 2447 -nus
154 2373 344 2446 humanum
369 2368 574 2449 naturalibus
599 2367 731 2455 variolis
769 2365 1050 2466 pesamrdatrun,

36 2493 135 2569 .sive
155 2494 306 2590 propriae
332 2493 491 2592 cuiusque
517 2492 603 2564 vitae
626 2473 749 2583 amor,
774 2489 909 2564 adrem
925 2503 1053 2564 tantam
1124 2579 1126 2591 ,

62 2613 334 2714 suspiciendam.
367 2612 467 2684 Certe
488 2612 587 2693 enim
609 2637 670 2684 nos
694 2543 770 2682 Itali
795 2609 858 2684 hoc
874 2613 973 2686 etiam
990 2614 1054 2686 im-

61 2733 195 2807 mortali
209 2733 370 2817 beneficio
381 2746 534 2808 tenemur
551 2713 742 2803 MARIAE
768 2727 1046 2804 THERESIAE

60 2853 330 2928 AUGUSTAE
335 2855 481 2949 ,amori,
501 2866 535 2925 et
559 2847 684 2925 deliciis
710 2847 836 2946 generis
873 2818 1045 2941 brunani,

60 2976 151 3076 quod
168 2975 300 3074 egregio
325 2975 514 3074 sapientiae,
541 2971 810 3070 constantiaeque
826 2968 1042 3063 documento,

60 3097 247 3171 domesticis
257 3095 415 3197 exernplis
430 3121 536 3196 nuper
552 3090 723 3168 ostendere
739 3088 841 3163 uobis
856 3114 929 3162 nau
945 3087 1044 3163 dubi-

60 3219 208 3314 taverit,
235 3247 339 3319 quam
363 3219 450 3292 bene
473 3274 482 3311 ,
525 3241 628 3315 quam
654 3223 726 3289 tuto
742 3266 752 3304 ,
768 3223 894 3282 contra¹
910 3221 1038 3306 pestem

59 3345 185 3412 tantam
210 3339 433 3415 inoculatione
453 3341 509 3438 agi
534 3335 667 3436 possit.
697 3330 765 3403 Sed
790 3355 877 3423 nos,
903 3341 942 3402 ut
966 3355 1039 3429 spe·

59 3487 125 3555 ro,
151 3462 178 3533 si
204 3461 302 3535 etiam
328 3475 404 3536 voto
428 3463 519 3534 irrita
538 3456 656 3532 cedant
674 3510 685 3549 ,
700 3452 746 3536 ob
763 3443 949 3527 hanebene
966 3477 1039 3530 sen-

59 3582 162 3657 tiendi
186 3583 371 3660 libertatem
396 3609 494 3660 nerno
518 3581 719 3681 redarguet.
