2544 4710
550 382 685 496 (aa)

127 517 165 612 in
189 549 372 634 moena,
398 542 550 639 aprima
575 519 681 615 noctis
695 540 785 614 -hora
803 545 876 634 ‚in
902 569 968 643 qua
992 541 1109 618 bolum

128 661 355 757 ingessimus,
378 660 424 734 nd
449 675 600 762 qmrtam
626 687 758 762 nsque,
786 687 850 761 qua
876 663 1028 736 cubitum
1054 668 1115 740 ivi·

132 775 242 875 mus,
268 783 446 880 pannnsit
466 837 474 855 .
504 783 606 855 Mane
631 810 708 856 cnm
733 807 904 882 surgerem
924 838 934 876 ,
951 783 1034 858 hora
1050 813 1115 859 un·

131 901 291 996 decima,
318 902 725 1000 mortuam-suspicabar:
753 906 862 979 vivam
887 917 1031 978 attamen
1055 904 1115 978 ad·

129 1019 201 1096 huc
224 1024 363 1118 inveni,
386 1023 448 1096 sed
472 1021 626 1096 hebetem
650 1024 762 1119 adeo,
789 1038 828 1098 ut
858 1048 992 1098 excussa
1017 1039 1116 1098 staret

131 1137 342 1232 immobilis,
369 1143 425 1213 vix
460 1139 636 1239 paululum
671 1140 847 1235 reseratis,
879 1169 959 1216 mox
997 1143 1116 1218 clausis

130 1264 283 1367 ἢωιω,
308 1259 510 1359 palpebris:
539 1288 727 1361 quaecum
767 1262 1025 1358 diducerentur,
1051 1292 1116 1363 pu·

129 1380 247 1481 pillau
272 1381 399 1479 inspexi
424 1385 646 1480 angustiorem
671 1409 712 1456 ea
732 1435 745 1477 ,
769 1411 873 1484 quam
912 1382 993 1456 aliae
1017 1385 1118 1458 simul

130 1504 258 1602 positae
281 1501 491 1576 cothurnicer
515 1503 755 1577 ostenderent.
783 1503 858 1578 Hoc
886 1503 923 1576 iu
959 1519 1048 1580 statu
1074 1505 1118 1579 nd

128 1620 329 1695 vicesimam
353 1647 458 1722 usque
483 1620 602 1695 horam
624 1624 696 1695 avis
712 1625 874 1722 perstitit,
901 1626 938 1697 in
962 1653 1029 1726 qua
1044 1639 1117 1699 tan-

132 1738 214 1815 dem
237 1753 370 1814 mortua
394 1753 473 1814 ast.
502 1739 543 1812 Id
569 1754 681 1812 autem
707 1740 901 1813 discriminis
922 1744 1006 1815 inte'r
1029 1742 1118 1819 hanc

133 1860 274 1956 extitit,
300 1859 466 1963 aliamque
492 1861 761 1956 cothurnicem,
796 1863 830 1933 in
867 1889 933 1963 qua
969 1865 1147 1962 primum!

131 1978 201 2055 ltoc
223 1982 424 2056 tentavimus
449 1983 738 2079 experimentum,
766 1979 857 2080 quod
870 1978 960 2078 prior
984 1981 1040 2054 illa
1064 1984 1118 2055 in·

135 2084 267 2173 tra-sex
292 2097 361 2170 fere
383 2097 488 2172 horas
513 2100 628 2172 vivere
652 2099 748 2173 desiit
773 2086 899 2198 maguis
915 2115 1052 2176 artuum
1067 2102 1119 2175 di·

133 2217 356 2306 §tentionibus
380 2221 525 2318 ngitata3
566 2222 648 2294 haec
687 2216 846 2316 placidior
878 2233 1009 2292 mortua
1035 2234 1115 2294 est.

133 2339 178 2413 In
198 2337 257 2412 illa
280 2352 391 2414 tamen
414 2342 493 2439 opio
516 2369 595 2416 usus
621 2368 695 2414 sum
718 2354 819 2415 caute
832 2355 985 2435 servato,
1004 2342 1037 2414 in
1054 2342 1118 2416 hae

135 2458 317 2554 nonnihil,
345 2474 382 2535 ut
397 2460 572 2535 videbatur
592 2516 602 2553 ,
621 2459 741 2533 effoeto
762 2514 771 2530 .
791 2457 1041 2533 Olentissimum
1058 2487 1116 2532 an·

133 2593 202 2654 tun
225 2567 352 2655 stenem
376 2580 458 2654 haec
482 2580 625 2653 moriens
649 2577 775 2676 ejecit.
805 2578 910 2675 Cujus
935 2576 1114 2670 abdomine

135 2700 297 2794 dimonte,
324 2702 385 2774 etsi
409 2726 522 2776 recens
546 2713 629 2773 esset
653 2711 813 2789 mortua,
842 2724 956 2770 carnes
994 2699 1119 2792 gravis-

139 2819 219 2895 sime
244 2818 404 2893 olebant:
432 2834 478 2898 et,
489 2815 685 2918 pinguitudo
717 2819 825 2888 omnis
859 2817 987 2889 circum
1021 2844 1118 2913 agge·

141 2949 216 3030 su,
242 2963 328 3037 qnae
352 2937 498 3012 flavebat
521 2935 716 3032 insigniter,
745 2959 842 3029 grave
861 2961 899 3006 ac
917 2925 1120 3009 nairseosum
1218 2953 1223 2959 ·

141 3053 331 3145 redolebat.
358 3056 535 3129 Tenuibus
560 3053 718 3126 intestinis
743 3077 862 3146 magna
893 3052 997 3123 inerat
1023 3052 1119 3149 copia

143 3171 211 3249 bilis
235 3177 369 3271 flavae,
396 3160 532 3250 hullulis
554 3175 659 3248 aereis
683 3170 934 3272 quamplurimis
959 3174 1115 3244 intritae.

145 3290 255 3367 Cressa
279 3294 360 3366 item
385 3320 429 3369 eo
444 3294 586 3368 humore
610 3290 793 3390 turgentia,
812 3289 994 3388 pauxillum
1004 3291 1115 3364 adhue
1152 3372 1157 3387 Ι

145 3410 235 3507 lancis
259 3415 473 3499 continebant
498 3414 540 3488 ad
565 3441 689 3487 anum.
719 3409 914 3484 Ventriculo
943 3410 1114 3504 dissecto,

147 3533 245 3612 adhue
269 3538 437 3636 integrum
455 3537 496 3623 in
520 3562 559 3610 eo
584 3536 650 3634 opii
676 3532 794 3606 bolum
833 3531 986 3606 offendi:
1015 3534 1113 3630 cujus

149 3676 182 3727 ne
201 3656 527 3757 particula,quidem
551 3657 719 3750 minima,
747 3652 838 3754 quod
863 3680 924 3751 ego
937 3653 1114 3751 perspice-

150 3796 239 3873 rent,
265 3779 477 3861 descenderat
501 3779 536 3849 in
562 3773 780 3851 intestinum.
810 3771 959 3847 Panxilla
987 3785 1116 3844 tantum
1214 3876 1219 3886 ι

152 3888 206 3970 bati
230 3926 304 3999 pars
329 3914 396 3974 erat
435 3899 543 3982 adhuc
570 3903 613 3999 jn
640 3898 782 3996 ingluvie
810 3952 819 3990 ‚
850 3894 980 3968 humori
1022 3915 1126 3964 com-t

319 4030 323 4043 ·
900 4021 917 4065 2
