2544 4710
543 403 559 502 (
592 398 701 500 121)

141 556 236 630 llaec
262 556 471 631 transversim
495 557 594 654 capiti
618 553 740 628 fibulae
765 552 924 654 applicata
961 569 1009 626 est
1030 555 1120 653 (r),

140 680 190 751 sic
205 691 254 751 rot
272 678 427 751 medium
452 677 616 775 emplastri
640 690 752 749 toturn
777 665 898 748 fibulae
937 689 1037 775 caput
1054 703 1121 749 oc-

140 803 310 893 cuparet,
338 820 458 897 susque
496 796 603 896 deque
628 808 850 893 superesset,
876 793 936 867 sed
968 799 1114 869 rrraxime

142 911 299 988 deorsum
322 937 331 985 :
361 911 439 986 hinc
464 940 573 1007 vero,
599 929 633 987 'et
659 913 748 988 illinc
764 927 911 987 extreme
936 913 1114 1014 longitudi-

140 1033 198 1104 nis
223 1029 392 1129 emplastri
411 1033 590 1124 ,alterum
615 1034 658 1108 ad
682 1033 873 1132 poplitem,
910 1033 1015 1134 idque
1048 1031 1122 1106 lon·

144 1153 252 1251 gius,
279 1153 494 1245 ascenderet,
522 1154 663 1230 alterum
688 1154 899 1229 descenderet
916 1154 958 1227 ud
984 1154 1121 1227 tihiomr

141 1274 269 1348 -Fuscia
292 1277 439 1351 vesicans
462 1272 633 1349 firmatum
656 1292 704 1349 est
727 1331 735 1348 .
764 1277 845 1350 Post
886 1288 1033 1377 quatuor
1055 1276 1125 1349 sere

152 1394 250 1468 horas
275 1395 403 1471 ardoris
428 1422 542 1470 sensus
566 1397 806 1470 dolentissimus
832 1400 942 1495 coepit
970 1401 1005 1469 i‘u
1045 1400 1132 1470 vesi·

149 1518 255 1590 centis
279 1517 354 1591 sede
380 1519 580 1615 persentiri,
608 1522 704 1617 cujus
728 1544 828 1616 opera
854 1520 1005 1591 coxarius
1029 1517 1124 1590 dolor

122 1636 236 1731 'viee
259 1635 505 1711 estsheberarus
526 1693 534 1708 .
553 1636 708 1708 Dubium
732 1650 842 1708 tamen
855 1662 899 1708 an
914 1661 1007 1707 exeo
1031 1634 1123 1735 quod

142 1759 325 1829 materiam
350 1783 488 1832 nervum
513 1757 709 1830 insidentem
736 1759 882 1829 vesicans
903 1757 1047 1853 coeperit
1070 1755 1130 1826 de-

142 1873 304 1970 trahere,
331 1903 375 1949 un
399 1877 491 1975 quod
516 1879 620 1948 acrior
645 1875 813 1950 vesicantis
846 1874 939 1948 dolor
961 1874 1125 1948 ischiadici

146 1995 275 2070 doloris
299 1999 466 2071 mitiorem
478 2023 609 2070 sensum
625 1996 788 2070 occuleret
808 2055 816 2069 .
836 1998 915 2070 Post
928 1996 1024 2069 horas
1040 2021 1125 2096 qua-

150 2119 341 2192 tuordecim
364 2118 598 2217 amplissimam
629 2121 773 2190 vesicam
797 2117 1011 2216 emplastrum
1043 2118 1132 2192 exci-

143 2252 307 2310 taverat:
333 2234 443 2339 eoque
468 2238 608 2330 ablato,
636 2242 743 2314 vesica
765 2238 865 2311 incisa
889 2251 937 2309 est
965 2293 977 2327 ,
1002 2229 1135 2308 elludit-
1220 2233 1224 2240 ’

146 2385 213 2459 que
236 2359 407 2435 flevissinri
431 2363 492 2432 seri
517 2360 627 2432 uncias
650 2378 735 2456 pene
763 2371 927 2459 quatuor.
956 2355 1065 2428 Ulcus
1080 2380 1132 2426 reh
1199 2378 1220 2418 ο
1251 2384 1257 2395 ·

148 2480 238 2555 ceoti
264 2478 390 2580 butyro
415 2494 570 2552 consueta
594 2477 751 2551 methodo
783 2477 891 2573 coepit
906 2474 1032 2546 mederi
1051 2498 1060 2544 ε
1080 2499 1141 2545 uo·

149 2613 229 2675 vem
254 2602 400 2673 manavit
425 2600 513 2672 dies.
542 2598 808 2672 Pulcherrimum
822 2597 886 2669 fuit
914 2596 1055 2693 aprima
1072 2596 1141 2692 jorn

150 2719 204 2793 dic
220 2774 231 2813 ,
257 2744 326 2821 quo
351 2720 509 2795 excitatae
523 2722 651 2796 vem'cae
667 2742 779 2790 serum
815 2717 971 2789 emissum
995 2729 1044 2786 est
1057 2769 1067 2807 ,
1082 2738 1143 2811 po-

152 2845 254 2917 tuisse
275 2867 412 2942 aegrum
448 2843 538 2915 cruri
578 2839 697 2912 melius
731 2839 902 2930 insistere,
942 2851 1140 2935 noctemque

151 2975 344 3063 repetentem
381 2961 514 3034 duxisse
550 2956 838 3032 commodiorem:
873 2981 1023 3054 cumque·
1052 2953 1136 3027 lecto

143 3082 345 3154 commissus
370 3081 573 3151 curationem
613 3074 809 3173 perficeret,
837 3098 905 3143 non
927 3073 996 3141 siue
1023 3084 1133 3144 nostra

150 3201 303 3301 gestienti
330 3199 496 3297 voluptate
523 3254 533 3292 ,
561 3198 697 3268 tertium
734 3208 807 3292 post
840 3193 930 3265 diem
970 3193 1136 3291 professus

148 3337 268 3396 estse
291 3321 438 3394 dolorem
463 3347 530 3392 nou
556 3317 696 3416 amplios
721 3314 766 3387 ab
790 3317 870 3387 ossis
893 3318 995 3406 sacri,
1015 3328 1047 3385 ct
1064 3342 1135 3387 rna-

146 3440 216 3539 ‘gni
240 3437 469 3515 trochenteris·
482 3439 615 3533 regione
641 3435 787 3527 sentire,
815 3430 873 3504 sed
897 3430 1138 3504 animadverte-

158 3588 194 3642 re
218 3586 375 3661 supernas
400 3559 491 3632 sedes
517 3556 639 3629 doloris
680 3557 840 3654 originem
877 3551 1044 3653 reliquisse
1065 3609 1075 3647 ,
1100 3568 1135 3632 et

150 3688 286 3766 sensim
311 3705 428 3759 versus
452 3679 549 3753 ulcus
573 3680 744 3754 vesicantis
767 3675 994 3778 descendere.
1031 3673 1138 3770 Septi-

557 3837 760 3855 ’aul-—

156 3925 208 4015 p)
231 3920 317 3995 'rae
345 3922 373 3986 1.
400 3920 472 4009 rog.
501 3918 528 3984 1.
543 3912 593 4009 st:
703 3949 704 3952 κ
