2544 4710
568 411 658 515 (66
684 409 702 511 l

134 564 143 609 ’·’
156 574 239 646 sorte
265 571 367 644 doluit
394 574 622 666 constantius,
650 572 743 672 quasi
784 568 903 643 doloris
940 567 1059 642 caussis
1086 569 1137 641 im

155 719 267 786 sessa,
296 669 328 766 id
350 720 424 766 raro
449 694 589 787 accidit,
617 709 648 765 et
673 691 741 764 illis
759 695 876 791 opinor
892 695 926 783 iu
951 692 1137 797 subjectis,

155 814 336 916 inquibus
362 841 398 886 ea
423 843 568 914 propago
594 841 660 887 non
687 817 763 887 satis
800 813 860 886 suit
895 813 1055 887 musculis
1080 813 1139 884 ada

155 937 289 1024 stricta3
318 950 375 1008 aut
400 937 532 1037 quando
558 950 646 1008 tanta
672 938 723 1009 vis
745 935 827 1008 acris
859 936 1012 1008 materiae
1049 937 1084 1007 in
1110 937 1139 1005 i·

156 1054 356 1129 sclriadicum
379 1081 521 1135 ,nervum
555 1054 729 1148 incubuit,
766 1068 804 1126 ut
822 1053 845 1147 ,'
860 1050 1016 1129 musculis
1055 1052 1140 1128 invi·

156 1172 224 1263 tis,
251 1174 284 1243 in
310 1171 399 1246 illam
418 1177 517 1245 'surae
543 1171 756 1272 propaginem
781 1171 931 1269 irruperit
957 1169 1108 1270 (xxxvi)
1129 1227 1138 1241 .

133 1333 135 1336 -
159 1287 250 1360 Cum
276 1303 388 1362 tamen
413 1316 506 1363 casus
532 1292 611 1363 certi
637 1291 708 1361 sint'
724 1291 758 1362 in
784 1290 906 1390 quibus
922 1291 1041 1363 ischias
1067 1317 1143 1363 ner*

89 1410 92 1417 '
160 1431 243 1479 rosa
267 1409 419 1506 postica,
447 1409 550 1489 libera
574 1409 686 1482 relicta
711 1438 731 1481 a
756 1408 879 1482 doloris
916 1412 1144 1508 passionean-

160 1528 268 1600 teriori
295 1527 424 1604 ischiaci
464 1534 555 1603 nemi
580 1530 683 1603 tibiali
720 1534 898 1630 propagine
913 1558 973 1625 ‚a
1012 1547 1144 1604 summo

162 1636 280 1722 trunco
304 1665 391 1721 recta
416 1653 657 1750 propemodum
683 1654 714 1725 in
741 1652 884 1726 suralem
909 1654 1001 1726 nervi
1015 1666 1145 1751 partem

162 1772 399 1864 continuetur,
428 1775 488 1845 erit
540 1801 558 1846 e
597 1776 643 1846 rei
684 1788 799 1848 natura
822 1831 833 1868 ⁷
860 1788 893 1848 et
932 1773 1144 1848 accomodata

144 1883 421 1987 ,praescribendis
454 1893 609 1966 medendi
634 1889 753 1994 regulis
778 1893 943 1968 distinctio
969 1919 1144 1967 neruosae

167 2010 339 2084 ischiadis
362 2018 526 2110 posticae
549 2018 583 2084 in
607 2017 764 2087 surulem
790 2009 921 2114 quando
961 2014 1056 2084 unice
1088 2033 1147 2110 per

166 2156 309 2224 suram,
338 2145 370 2202 et
394 2133 551 2205 tibialem
576 2131 709 2231 quaudo
743 2159 802 2231 per
844 2128 971 2229 tibiales
1006 2132 1147 2202 auterio-

166 2275 219 2323 res
244 2252 336 2348 uerri
371 2278 482 2323 ramos
519 2267 746 2351 propagetur.
783 2253 871 2327 Nam
911 2279 989 2325 cum
1027 2265 1150 2351 spectat

171 2360 346 2470 utroque,
374 2369 581 2443 distinctione
609 2371 750 2443 nominis
775 2397 844 2443 non
874 2369 1024 2468 indiget.

270 2487 410 2562 XXXI.
430 2470 599 2563 Hactenus
624 2490 706 2563 milri
722 2491 837 2565 videor
852 2490 1042 2589 probabiles
1057 2517 1153 2564 caus-

171 2634 221 2681 sas
244 2609 444 2708 protulisse,
473 2635 558 2708 quae
581 2598 794 2682 ischiadicum
811 2636 952 2683 nervum
969 2624 1086 2707 cogant
1100 2612 1153 2684 in*

171 2725 280 2799 dolere
305 2725 422 2826 (aava
442 2726 472 2827 ),
501 2743 533 2800 et
558 2755 617 2800 cur
641 2732 711 2827 ejus
736 2729 828 2801 nervi
854 2741 1019 2823 truncus,
1048 2731 1154 2826 prior·
1184 2802 1187 2809 ,

170 2872 235 2946 que
274 2873 422 2944 propago
459 2849 491 2918 in
517 2872 594 2919 crus
632 2847 771 2919 demissa
803 2904 813 2940 ,
851 2845 972 2926 doloris
1012 2862 1155 2922 tractum

171 2992 268 3066 saepe
293 2969 475 3040 sustineant
500 2966 656 3068 praru),
684 2966 828 3068 pg'aeque
853 2969 988 3040 caeteris
1029 2969 1156 3042 machi*

173 3114 235 3160 nae
259 3091 391 3182 nervis,
420 3088 560 3164 cubitali
585 3103 754 3191 excepto,
783 3087 905 3162 doloris
945 3090 1065 3162 caussis
1103 3119 1158 3165 ca·

173 3209 302 3307 piendis
327 3212 391 3293 sint
418 3212 561 3285 maxime
586 3212 731 3284 idonea.
761 3212 843 3300 Quo
869 3214 903 3283 in
919 3209 1054 3313 cubitali
1080 3238 1156 3296 ner·

176 3356 219 3403 vo
245 3338 313 3403 non
338 3345 387 3403 est
412 3360 472 3406 cur
497 3334 662 3435 quispiam
684 3333 813 3406 curiose
845 3347 979 3434 quaerat
1002 3333 1157 3432 ‘disposb

102 3467 109 3481 “
174 3453 300 3525 tionem
324 3453 462 3528 eandem
487 3456 555 3528 fere
570 3481 639 3528 esse
656 3511 667 3549 ,
685 3456 866 3554 passionem
880 3457 1038 3529 rariorem
1054 3510 1062 3527 .
1082 3456 1157 3528 Etsi

176 3569 218 3654 de
242 3569 297 3644 illa
322 3575 412 3647 enim
437 3574 746 3671 passionisssraritate
771 3579 910 3648 caussari
922 3576 1065 3672 parvitas
1079 3601 1160 3673 pos⁴

176 3693 218 3775 sit
243 3694 352 3766 nudae
377 3694 462 3768 sedis
488 3695 579 3768 nervi
606 3694 788 3786 cubitalis3
814 3721 882 3770 non
907 3710 1017 3769 tamen
1043 3711 1157 3792 tanta,

176 3814 225 3885 uti
251 3811 425 3909 creditur,
454 3842 491 3887 oa
527 3817 640 3887 raritas
675 3829 751 3890 est.
781 3814 954 3916 Siquidem
992 3816 1060 3894 vidi
1093 3816 1163 3887 fre·

177 3949 315 4038 quanter
340 3964 418 4010 cum
444 3935 619 4013 isclriadico
643 3964 746 4015 neruo
770 3935 947 4013 cubitalem
970 3940 1070 4012 ctiam
1095 3936 1160 4011 do·
