2544 4710
650 390 667 493 (
702 393 819 493 128)

236 548 305 629 sola
330 553 494 633 afficitur:
523 579 629 655 eoque
654 583 674 628 a
700 571 816 641 trunco
853 552 1033 629 adsunam
1071 583 1111 629 ea
1140 578 1214 657 pare

238 673 357 768 dolet,
383 674 487 751 libera
511 675 607 751 nervi
630 679 731 776 priori
755 690 846 777 parte
872 676 1008 753 tibiali.
1034 677 1078 763 tn
1102 677 1217 769 ischia·

237 796 280 871 de
305 796 423 876 tibiali
438 823 520 871 vero
544 797 629 873 affici
653 813 784 897 partem
808 796 945 898 poplitei
955 800 1053 885 nervi
1075 802 1217 891 meaio-

234 943 336 1008 rem,
363 928 395 993 et
417 917 513 1017 sequi
536 914 678 997 detonsi
695 930 843 1001 tractum
885 918 1105 1021 directionem
1141 923 1211 1020 ejus

238 1061 346 1136 usque
369 1036 414 1109 ad
439 1034 590 1134 pedem.
620 1036 663 1112 In
685 1035 749 1111 hac
774 1051 807 1108 et
832 1038 875 1110 ad
891 1034 1017 1113 fibulae
1033 1053 1135 1138 caput
1149 1039 1216 1141 (t‚)

238 1169 271 1229 et
296 1155 339 1229 ad
363 1153 464 1231 tibiae
489 1152 640 1228 latnsn
598 1155 683 1256 (u,t
711 1156 814 1229 etad
838 1157 931 1254 pedis
969 1156 1109 1257 dorsum
1130 1158 1235 1260 (x)

237 1288 351 1366 recte,
378 1286 412 1345 et
435 1275 582 1372 proficuo
608 1279 752 1349 vesicans
777 1278 987 1374 apponitur,
1010 1281 1117 1378 ,cujus
1141 1305 1220 1378 ope·

239 1421 278 1469 ra
301 1392 486 1473 eatralntnr
511 1395 630 1468 noxius
655 1394 778 1469 humor
803 1394 926 1469 tibialis
956 1397 1040 1487 rami
1069 1401 1218 1498 regines

240 1513 415 1586 infarciens
434 1568 443 1585 .
471 1515 512 1587 In
529 1513 628 1585 surali
653 1540 732 1595 vero
764 1515 827 1587 nisi
842 1515 999 1590 feriantur
1015 1517 1158 1616 vaginae
1170 1545 1219 1611 ιιι

238 1635 288 1709 rni
310 1635 497 1733 insignioris
524 1639 557 1707 in
584 1661 697 1721 suram
721 1635 948 1709 descendentis
963 1661 1037 1734 spes
1049 1636 1217 1735 profectio
1253 1731 1258 1739 ι

239 1778 398 1853 prorsum
423 1783 530 1833 vacua
554 1768 602 1828 est
622 1809 631 1827 .
660 1755 766 1854 Igitur
789 1753 997 1829 considerans
1021 1753 1115 1828 sedes
1149 1780 1218 1833 me·

240 1880 288 1974 gis
312 1875 389 1954 huic
413 1877 595 1977 operationi
629 1891 828 1975 opportunas
854 1873 968 1949 suralis
1004 1876 1118 1968 rami,
1159 1901 1221 1951 non

239 1998 351 2083 inveni
378 1998 540 2094 aptiorem
564 2022 667 2094 quam
684 2021 759 2095 qua
789 2020 848 2092 per·
882 1990 1045 2091 poplitem
1073 1993 1220 2083 ¹deseen-

241 2117 318 2189 dit.
346 2118 439 2191 Nam
463 2117 614 2214 subjacet
639 2116 688 2189 ihi
723 2141 842 2189 nervus
882 2115 1018 2212 vaginae
1053 2112 1224 2191 communi

240 2219 679 2336 aponeuroticee'poplitem
704 2234 854 2311 vestienti
882 2231 978 2333 (y),
1012 2259 1120 2332 pauca
1151 2235 1222 2336 pin·

242 2355 411 2454 gnitudine
449 2355 670 2431 intercedente
699 2405 712 2428 .
751 2352 936 2425 Vesieantis
972 2351 1221 2451 applicationem

207 2551 210 2557 ,
240 2499 286 2548 ea
304 2460 529 2549 tamenxsedes
554 2499 621 2547 non
646 2472 817 2566 admittit,
836 2498 916 2549 cum
932 2469 1101 2547 molestiae
1126 2500 1219 2565 muts
1242 2547 1247 2554 ,

241 2623 306 2689 sa,
333 2623 437 2696 quam
462 2609 551 2669 creat
576 2595 759 2694 gradienti,
797 2608 872 2675 tum
893 2598 973 2694 quia
996 2620 1117 2670 nervus
1130 2622 1214 2695 ¹pro·

102 2769 104 2773 -
240 2715 375 2790 surdius
398 2714 605 2818 latetquam
629 2729 666 2787 ut
690 2715 838 2813 proxime
879 2715 1023 2808 sentire,
1068 2727 1103 2787 et
1144 2741 1220 2789 cum

242 2835 363 2913 effect-u
385 2835 485 2933 possit
510 2835 580 2909 vim
605 2834 772 2917 vesicantis
796 2833 1033 2911 extractoriam
1060 2887 1070 2905 .
1100 2830 1220 2911 Canto-

240 2960 330 3034 rium
352 2970 386 3030 et
410 2956 503 3029 adire
526 2957 663 3035 vicinius
688 2982 829 3038 nervum
853 2979 948 3054 posse
991 2953 1147 3049 credidi,
1189 2966 1219 3033 et

241 3078 403 3154 valentius
428 3078 586 3171 afficere,
612 3106 654 3153 ac
681 3075 842 3175 deplere.
870 3076 1113 3173 Experimento
1152 3086 1221 3155 ten·

241 3212 311 3271 tare
336 3223 409 3300 rem
432 3222 611 3294 aggressus·
626 3195 756 3271 felicem
779 3195 878 3289 nidi,
905 3206 939 3270 et
963 3189 1117 3277 stabilem
1141 3193 1219 3281 effe,-

95 3308 98 3319 ’
190 3349 193 3356 ·
242 3332 361 3391 etum.
389 3314 591 3389 Adolescens
611 3341 717 3396 >annos
742 3327 839 3391 natus
873 3310 1123 3410 undetriginta,
1152 3336 1216 3385 sar·

245 3452 327 3530 tor,
353 3449 480 3533 septem
505 3426 575 3533 jam
598 3435 874 3532 menses-,postica
891 3429 999 3517 ,suralt
1011 3426 1157 3503 ischiade
1171 3427 1215 3505 lae

245 3557 449 3694 bomverat3
476 3557 603 3633 mirum
627 3570 788 3659 quantum
814 3567 954 3639 vexatus
978 3567 1010 3626 et
1034 3552 1214 3644 causticis,

247 3752 912 3875 (TabIFigIffTab
938 3746 1210 3846 11F1g1E

246 3875 282 3962 <
284 3877 296 3957 )
261 3860 407 3936 1b¹<1
400 3894 488 3960 mee
778 3759 883 3960 ivre·

248 3975 409 4066 (orna.
428 3975 490 4079 ιι.
816 3996 820 4001 ·
