2544 4710
573 470 706 576 (67)

123 621 267 724 inisse,
300 627 407 734 idque,
424 629 602 732 pmocipue
627 658 734 732 quum
758 622 870 705 caussa
910 630 1029 707 doloris
1058 631 1121 705 fuit

142 751 308 846 interior,
336 755 383 828 sic
409 767 449 826 nt
472 751 620 852 potuerit
645 755 776 854 utn'que
792 776 895 828 nervo
920 732 1123 848 occurrere.

143 869 257 961 Quam
281 868 403 946 doloris
427 873 617 946 societatem
642 883 676 944 et
700 895 897 967 consensum
921 873 955 944 in
980 860 1095 944 eubito
1115 892 1154 963 ,s

143 975 246 1090 atque
270 1014 381 1084 coxa,
409 993 455 1065 sic
479 1003 517 1064 ut
544 1019 612 1066 uuo
637 990 825 1093 eodemque
843 994 992 1088 tempore
1007 989 1129 1062 ambae

142 1109 217 1182 illae
240 1126 348 1211 partes
362 1112 546 1187 indolemnt
560 1170 570 1208 ,
585 1117 737 1188 tractanti
754 1113 837 1187 mihi
847 1113 1008 1212 plurimos
1024 1109 1127 1183 rheu·

142 1231 293 1325 manico,
319 1252 499 1307 venereove
523 1233 598 1306 viru
623 1233 790 1307 divexatos
819 1216 944 1305 ‘videre
984 1228 1125 1329 contigit

142 1349 329 1448 saepissime
347 1372 357 1423 t
383 1378 446 1426 nec
470 1346 597 1425 dubito
613 1351 693 1455 quin
711 1408 722 1446 ,
750 1352 778 1423 si
794 1351 922 1425 animus
933 1347 1047 1422 sedulo
1062 1346 1121 1420 ad-

111 1521 113 1525 ·
142 1480 321 1564 vertatur,
348 1465 502 1544 dolor'om
528 1470 592 1544 hoc
616 1468 823 1546 connubium
856 1468 1044 1568 frequenter
1066 1491 1125 1552 oe-¹

143 1593 281 1659 currat.
309 1585 385 1661 Imo
409 1587 693 1689 quemadmodum
717 1590 753 1662 in
776 1611 858 1662 coxa
884 1598 1000 1660 natum
1023 1597 1121 1658 antea

112 1728 115 1741 ·
144 1695 303 1781 dolorem
328 1712 451 1784 sensim
475 1732 573 1809 saepe
596 1708 667 1784 vidi
691 1708 733 1781 ad
756 1709 878 1809 pedem
902 1704 1121 1801 descendisse,
1220 1746 1224 1757 ·

141 1823 198 1898 vel
222 1825 259 1898 in
281 1825 366 1924 pede
391 1840 507 1902 natum
533 1830 685 1927 petivisse
709 1852 854 1915 coxam;
883 1829 930 1899 sic
967 1824 1125 1926 frequen-

141 1956 192 2017 ter
215 1945 252 2017 in
276 1945 390 2021 cubito
414 1949 614 2023 residentem
638 1946 815 2042 dolorem,
843 1954 876 2018 et
889 1946 931 2017 ad
942 1941 1124 2016 humerum

143 2061 318 2138 &endem
333 2122 344 2160 ,
362 2079 395 2140 et
419 2067 461 2139 ad
486 2082 668 2168 postremos
693 2066 762 2139 vidi
777 2089 895 2137 manus
908 2060 1031 2160 digitos
1043 2086 1125 2162 pro·

141 2185 283 2286 pagani.
312 2183 488 2290 Tantaque
511 2202 560 2261 est
595 2187 631 2259 in
654 2186 706 2258 his
741 2182 909 2257 dolonibus
945 2179 1122 2276 similites,

141 2319 241 2408 atque
265 2312 465 2404 consensio,
491 2313 560 2383 sive
584 2294 727 2406 pontium
762 2302 982 2377 indolentiam
1007 2303 1125 2376 eadem

141 2423 339 2523 dispositio,
367 2425 436 2500 sive
461 2428 530 2498 nati
554 2423 675 2498 doloris
712 2438 828 2497 natura
867 2435 1028 2520 spectetur
1046 2436 1124 2518 ,ut

143 2566 296 2616 useam
318 2554 410 2615 recte
436 2541 578 2617 casua
605 2541 662 2645 (n)
687 2544 859 2644 utriusque
883 2521 1004 2615 doloris
1033 2539 1124 2640 judi·
1213 2642 1215 2647 ‚

145 2659 195 2733 cin
221 2661 458 2760 conjunxisse,
485 2675 519 2733 et
541 2685 626 2759 pene
650 2660 749 2735 etiam
787 2687 981 2762 exaequasse
1008 2716 1016 2732 .
1046 2660 1123 2759 Ego

144 2800 224 2850 vero
250 2779 278 2849 si
304 2803 426 2853 nomen
449 2778 599 2853 ischiadis
623 2805 689 2853 non
712 2780 824 2851 fuisset
849 2807 869 2852 a
893 2777 970 2852 sede
986 2768 1120 2873 dolosis,

143 2896 201 2970 sed
225 2923 246 2969 a
273 2899 612 3001 sormaprofeetum,
639 2900 774 2972 minime
800 2898 1000 2975 dubitassem
1024 2899 1121 2974 illum

145 3012 270 3088 brachii
296 3014 446 3092 dolorem
471 3043 662 3094 nervosam
696 3019 885 3094 cubitalem
924 2997 1121 3093 ischiadem
1222 3084 1234 3095 ..

143 3130 329 3233 appellare.
358 3135 521 3212 Convenit
545 3140 634 3211 enim
658 3165 739 3212 eum
752 3139 878 3238 postica
891 3136 1033 3211 ischiade
1046 3165 1121 3212 ner·

145 3277 253 3348 vose,
280 3253 412 3353 forma,
439 3257 515 3334 sede
538 3257 674 3361 (xxxx),
706 3259 1081 3362 symptomatibus(1v)
1102 3316 1113 3357 ,

146 3376 312 3449 cmntioue
336 3375 443 3478 (nv).
897 3413 900 3416 ³

174 3560 176 3565 ,
243 3493 404 3572 xxxfl.
432 3497 525 3574 Cum
549 3501 648 3600 igitur
672 3500 787 3595 uber,
814 3528 930 3577 acerve
953 3528 1058 3601 vapor
1081 3503 1118 3576 in

144 3612 273 3686 extimis
296 3618 424 3716 vaginis·
441 3617 608 3694 ischiadici
633 3622 724 3695 netui
763 3619 900 3692 firmiter
941 3622 1120 3695 immorans

539 3795 739 3819 ..ιιι-Μ

141 3891 192 3984 (n)
217 3889 266 3959 Dc
289 3875 476 3987 ne'Medica
496 3893 556 3964 lib.
575 3919 607 3965 a.
622 3919 693 3988 cap.
712 3918 863 3989 v111.p.
882 3921 924 3963 m.
948 3897 1002 3989 75.
1020 3892 1112 3964 Edit.

180 4001 319 4072 Boterd.
347 4012 472 4078 ancon!
605 4040 607 4047 ’

793 4125 815 4173 2
