2544 4710
581 465 740 568 (2¹2)

168 619 283 694 tradita
308 634 369 716 est,
396 636 479 722 qua'e
504 619 619 693 habuit
644 623 776 714 omnia,
792 628 880 720 tpuae
905 620 948 692 ad
973 619 1068 696 sedes
1091 648 1151 698 ra-

165 741 321 816 riolarunr
350 739 393 814 ab
418 738 629 814 interioribus
653 737 732 812 locis
767 737 962 837 ablegandos
998 745 1144 842 pertine-

163 874 287 953 rent,.a
310 857 480 958 prioribus
504 857 728 949 illi'sminime
753 856 986 958 discrepantia.
1016 861 1143 963 Sequa-

160 992 216 1052 tur
240 981 343 1054 modo
364 962 472 1081 puer,
490 966 586 1079 cujus
601 979 730 1054 variolis
755 981 897 1056 defuncti
922 989 1034 1058 casum
1059 985 1145 1058 mihi

162 1116 250 1173 curte
274 1127 422 1175 amarum
447 1099 555 1175 adhuc
580 1103 664 1174 iuter
688 1101 760 1174 illos
782 1124 959 1197 recenseo,
996 1112 1084 1204 quos
1109 1107 1144 1179 in

162 1223 228 1293 vita
253 1220 443 1320 pertulerim
461 1232 534 1294 'nou
560 1222 627 1294 siue
652 1248 782 1294 summa
799 1222 897 1294 animi
922 1225 1141 1321 aegritudine.

160 1341 295 1414 Etenim
322 1345 395 1434 etsi,
412 1344 472 1415 nisi
497 1342 592 1444 'quod
616 1356 694 1413 erat
709 1341 811 1414 homo
826 1397 836 1436 ,
854 1342 938 1415 nihil'
959 1345 1141 1444 quicquam

57 1506 59 1512 ·
158 1461 212 1535 vel
238 1489 257 1534 a
274 1461 450 1555 natalibus,
469 1463 522 1537 vel
546 1461 591 1534 ab
610 1461 713 1534 animi
738 1463 898 1562 sortisque
911 1462 1046 1537 dotibus
1062 1490 1140 1538 eum

139 1565 339 1676 ¹plurimum
365 1579 625 1673 commendaret,
653 1606 694 1652 eo
719 1594 830 1652 tamen
853 1578 948 1654 titulo
974 1582 1149 1681 dolentius,

131 1711 134 1716 '
160 1697 228 1770 vidi
254 1698 478 1794 occubuisse,
505 1699 627 1802 quod,
655 1699 810 1772 omnibus
836 1700 1079 1777 adcurationis
1096 1707 1135 1795 a·

159 1843 238 1889 nem
263 1817 444 1905 felicissime
467 1819 662 1917 perductis,
707 1816 791 1888 dum
831 1817 910 1890 nihii
928 1817 1072 1895 'ulterius
1097 1825 1136 1896 ti-

155 1938 316 2038 mepdum
341 1923 545 2030 videbatur,
573 1961 666 2011 mors
692 1937 907 2036 inexspectata
933 1945 1131 2040 occuparit.

153 2057 221 2129 Vix
247 2057 455 2156 quadriennis
480 2081 521 2128 ex
546 2054 660 2128 infima
684 2053 805 2153 plebe,
821 2056 908 2128 tinea
934 2059 1049 2157 capitis
1073 2063 1133 2136 sic-

153 2175 281 2266 eissima
307 2188 490 2272 correptae,
517 2186 665 2271 receptus
690 2172 794 2245 fuerat
820 2174 853 2244 in
874 2173 1127 2253 Nosocomium.

153 2292 228 2365 Sub
244 2291 344 2365 finem
373 2290 528 2365 Octobris
553 2288 711 2364 variolosa
735 2289 827 2362 febre
851 2292 984 2366 invasus
1001 2310 1130 2370 nostrae

152 2411 249 2485 'curae
275 2409 550 2505 commendatur.
582 2407 637 2480 Ad
661 2409 816 2509 quintum
844 2398 1016 2486 decimum
1037 2414 1127 2490 ¹diem

150 2533 261 2607 omnia
284 2529 371 2603 belle
397 2512 648 2628 procedebant:
683 2532 818 2627 eruptio
831 2533 1123 2632 tuerat'magn'a,

134 2653 208 2727 'sed
235 2651 417 2743 distincta,
458 2648 599 2723 variolae
623 2673 707 2747 pene
745 2672 870 2722 omnes·
886 2651 1122 2744 umbiliratre'3

147 2802 227 2854 nam
253 2772 377 2859 vesicas
402 2756 490 2844 certe
515 2772 736 2842 internoscere
772 2784 848 2840 non‘
865 2774 992 2869 potui,
1021 2776 1122 2876 'qood

65 2909 69 2917 ’
147 2920 307 2992 magnum
331 2890 543 2997 benignitatis
570 2888 732 2961 indicium
758 2904 836 2962 est:
865 2910 1058 2989 creverant,
1075 2923 1120 2969 re·

143 3001 254 3112 plotae
277 3009 436 3100 socrant,
465 3005 566 3079 elatae
591 3031 726 3101 omnes,
741 3007 889 3106 turgidae
915 3008 1008 3084 bono'
1022 3040 1114 3113 pure.

142 3129 295 3222 Febris,
323 3127 537 3226 responderat
562 3125 672 3199 morbi
701 3127 829 3225 iugenio
856 3181 865 3201 .
894 3126 1039 3230 Sanguis
1061 3134 1112 3228 ai,

142 3263 180 3322 ut
204 3248 270 3320 sere
295 3244 387 3319 soleo
409 3273 516 3340 ,non
536 3245 670 3338 missus,
689 3244 806 3317 sedin
831 3246 1008 3343 c‘rnribus,
1036 3276 1113 3354 qnae

43 3363 53 3380 ’
125 3366 290 3444 <habebar
304 3367 535 3460 mundissima,
553 3391 629 3437 raro
659 3362 858 3465 speetadulo,
877 3368 922 3441 ab
946 3372 1027 3470 ipsis
1044 3400 1112 3472 pro·
1169 3412 1171 3423 ·

133 3484 327 3598 ,pemo‘dum
352 3486 493 3601 genibus
517 3486 560 3559 ad
583 3486 709 3585 pedes,
737 3511 781 3559 ne
805 3514 871 3560 una
896 3489 1035 3589 quidem
1056 3519 1110 3593 pa·
1169 3508 1171 3515 '

1 3698 6 3709 ¹
70 3627 75 3633 '
142 3607 228 3683 stola
253 3621 328 3680 nata
352 3605 452 3703 erata
481 3604 587 3706 Crura
613 3603 745 3677 interim
764 3604 956 3680 resicatoria
987 3634 1109 3709 recepe·

140 3740 227 3820 rant,
246 3751 391 3826 quorum
416 3720 522 3795 fuerat
546 3723 678 3822 egregia
700 3726 884 3810 vacuatio.
908 3724 1034 3801 Cibum
1049 3729 1108 3806 avi-

140 3845 182 3919 de
206 3828 417 3946 quaesierat,
444 3840 702 3937 bibacissimus,
742 3856 892 3946 ventrem
915 3848 1105 3949 quotidiea

90 4000 92 4005 ·
144 3967 211 4039 fine
235 3961 415 4065 eruptionis
440 3952 555 4040 crassis
579 3962 983 4069 foecibusexonerarerat,
1002 3971 1103 4049 urinae
