<?xml version="1.0" encoding="UTF-8"?>
<!DOCTYPE html PUBLIC "-//W3C//DTD XHTML 1.0 Transitional//EN"
    "http://www.w3.org/TR/xhtml1/DTD/xhtml1-transitional.dtd">
<html xmlns="http://www.w3.org/1999/xhtml" xml:lang="en" lang="en">
 <head>
  <title>
</title>
<meta http-equiv="Content-Type" content="text/html;charset=utf-8" />
  <meta name='ocr-system' content='tesseract 3.04.00' />
  <meta name='ocr-capabilities' content='ocr_page ocr_carea ocr_par ocr_line ocrx_word'/>
</head>
<body>
  <div class='ocr_page' id='page_1' title='image "./opusculamedica00cotugoog_0215.png"; bbox 0 0 2544 4710; ppageno 0'>
   <div class='ocr_carea' id='block_1_1' title="bbox 41 416 1131 2947">
    <p class='ocr_par' dir='ltr' id='par_1_1' title="bbox 41 416 1131 2947">
     <span class='ocr_line' id='line_1_1' title="bbox 556 416 717 519; baseline -0.012 0"><span class='ocrx_word' id='word_1_1' title='bbox 556 416 576 519; x_wconf 84' lang='lat' dir='ltr'><strong>l</strong></span> <span class='ocrx_word' id='word_1_2' title='bbox 604 422 674 517; x_wconf 73' lang='grc' dir='ltr'><strong>ι96</strong></span> <span class='ocrx_word' id='word_1_3' title='bbox 698 417 717 518; x_wconf 94' lang='grc'>)</span> 
     </span>
     <span class='ocr_line' id='line_1_2' title="bbox 141 567 1123 670; baseline 0.003 -21"><span class='ocrx_word' id='word_1_4' title='bbox 141 577 208 649; x_wconf 85' lang='lat' dir='ltr'><strong>lieu</strong></span> <span class='ocrx_word' id='word_1_5' title='bbox 240 598 323 649; x_wconf 77' lang='lat' dir='ltr'><strong>reu</strong></span> <span class='ocrx_word' id='word_1_6' title='bbox 338 573 473 649; x_wconf 74' lang='lat' dir='ltr'><strong>sinistra</strong></span> <span class='ocrx_word' id='word_1_7' title='bbox 487 574 693 652; x_wconf 72' lang='lat' dir='ltr'>extremitate</span> <span class='ocrx_word' id='word_1_8' title='bbox 718 567 921 651; x_wconf 68' lang='lat' dir='ltr'><strong>desueudoe&#39;e</strong></span> <span class='ocrx_word' id='word_1_9' title='bbox 936 568 1123 670; x_wconf 66' lang='grc' dir='ltr'><strong>911111Μί</strong></span> 
     </span>
     <span class='ocr_line' id='line_1_3' title="bbox 144 691 1128 795; baseline -0.005 -24"><span class='ocrx_word' id='word_1_10' title='bbox 144 697 195 772; x_wconf 90' lang='lat' dir='ltr'><strong>ob</strong></span> <span class='ocrx_word' id='word_1_11' title='bbox 213 693 453 795; x_wconf 72' lang='lat' dir='ltr'><strong>plenitudinem</strong></span> <span class='ocrx_word' id='word_1_12' title='bbox 477 708 663 792; x_wconf 71' lang='lat' dir='ltr'><strong>coeperat,</strong></span> <span class='ocrx_word' id='word_1_13' title='bbox 695 691 924 794; x_wconf 80' lang='lat' dir='ltr'><strong>etobliquari.</strong></span> <span class='ocrx_word' id='word_1_14' title='bbox 956 693 1065 786; x_wconf 84' lang='lat' dir='ltr'><strong>Quod</strong></span> <span class='ocrx_word' id='word_1_15' title='bbox 1079 721 1128 777; x_wconf 75' lang='grc' dir='ltr'><strong>ω,</strong></span> 
     </span>
     <span class='ocr_line' id='line_1_4' title="bbox 138 813 1128 915; baseline 0 -25"><span class='ocrx_word' id='word_1_16' title='bbox 138 830 209 890; x_wconf 82' lang='lat' dir='ltr'><strong>erat</strong></span> <span class='ocrx_word' id='word_1_17' title='bbox 223 815 506 889; x_wconf 78' lang='lat' dir='ltr'><strong>animadversione</strong></span> <span class='ocrx_word' id='word_1_18' title='bbox 520 815 666 914; x_wconf 86' lang='lat' dir='ltr'><strong>dignius,</strong></span> <span class='ocrx_word' id='word_1_19' title='bbox 683 815 764 915; x_wconf 81' lang='lat' dir='ltr'><strong>quin</strong></span> <span class='ocrx_word' id='word_1_20' title='bbox 777 813 978 889; x_wconf 70' lang='lat' dir='ltr'><strong>vennianus</strong></span> <span class='ocrx_word' id='word_1_21' title='bbox 993 839 1128 915; x_wconf 69' lang='lat' dir='ltr'><strong>vacuus</strong></span> 
     </span>
     <span class='ocr_line' id='line_1_5' title="bbox 139 922 1130 1038; baseline 0 -27"><span class='ocrx_word' id='word_1_22' title='bbox 139 936 338 1012; x_wconf 71' lang='lat' dir='ltr'><strong>cernebatur</strong></span> <span class='ocrx_word' id='word_1_23' title='bbox 356 993 369 1031; x_wconf 84' lang='lat'>‚</span> <span class='ocrx_word' id='word_1_24' title='bbox 386 965 454 1038; x_wconf 88' lang='lat' dir='ltr'><strong>qno</strong></span> <span class='ocrx_word' id='word_1_25' title='bbox 470 939 505 1010; x_wconf 92' lang='lat' dir='ltr'><strong>in</strong></span> <span class='ocrx_word' id='word_1_26' title='bbox 517 950 611 1016; x_wconf 72' lang='lat' dir='ltr'><strong>staur</strong></span> <span class='ocrx_word' id='word_1_27' title='bbox 625 935 694 1009; x_wconf 85' lang='lat' dir='ltr'><strong>lien</strong></span> <span class='ocrx_word' id='word_1_28' title='bbox 710 922 933 1011; x_wconf 74' lang='lat' dir='ltr'><strong>trausrerm</strong></span> <span class='ocrx_word' id='word_1_29' title='bbox 944 935 1018 1010; x_wconf 83' lang='lat' dir='ltr'><strong>fere</strong></span> <span class='ocrx_word' id='word_1_30' title='bbox 1032 940 1130 1036; x_wconf 73' lang='lat' dir='ltr'><strong>pusi«,</strong></span> 
     </span>
     <span class='ocr_line' id='line_1_6' title="bbox 140 1055 1130 1152; baseline 0.002 -21"><span class='ocrx_word' id='word_1_31' title='bbox 140 1072 214 1131; x_wconf 85' lang='lat' dir='ltr'><strong>tum</strong></span> <span class='ocrx_word' id='word_1_32' title='bbox 246 1060 394 1134; x_wconf 73' lang='lat' dir='ltr'><strong>maxime</strong></span> <span class='ocrx_word' id='word_1_33' title='bbox 421 1082 551 1132; x_wconf 81' lang='lat' dir='ltr'><strong>servare</strong></span> <span class='ocrx_word' id='word_1_34' title='bbox 571 1055 670 1133; x_wconf 86' lang='lat' dir='ltr'><strong>solet.</strong></span> <span class='ocrx_word' id='word_1_35' title='bbox 688 1056 733 1134; x_wconf 89' lang='lat' dir='ltr'><strong>In</strong></span> <span class='ocrx_word' id='word_1_36' title='bbox 753 1055 941 1144; x_wconf 78' lang='lat' dir='ltr'><strong>ventriculo</strong></span> <span class='ocrx_word' id='word_1_37' title='bbox 974 1071 1090 1133; x_wconf 81' lang='lat' dir='ltr'><strong>autem</strong></span> <span class='ocrx_word' id='word_1_38' title='bbox 1107 1110 1130 1152; x_wconf 80' lang='lat'><strong>‚-</strong></span> 
     </span>
     <span class='ocr_line' id='line_1_7' title="bbox 108 1176 1131 1277; baseline -0.004 -25"><span class='ocrx_word' id='word_1_39' title='bbox 108 1206 225 1257; x_wconf 77' lang='lat' dir='ltr'><strong>¹curn</strong></span> <span class='ocrx_word' id='word_1_40' title='bbox 250 1179 465 1251; x_wconf 84' lang='lat' dir='ltr'><strong>dissecaretur</strong></span> <span class='ocrx_word' id='word_1_41' title='bbox 494 1178 531 1250; x_wconf 91' lang='lat' dir='ltr'><strong>in</strong></span> <span class='ocrx_word' id='word_1_42' title='bbox 559 1203 601 1250; x_wconf 88' lang='lat' dir='ltr'><strong>eo</strong></span> <span class='ocrx_word' id='word_1_43' title='bbox 628 1176 992 1277; x_wconf 83' lang='lat' dir='ltr'><strong>iuquoerutpositu‚</strong></span> <span class='ocrx_word' id='word_1_44' title='bbox 1025 1178 1131 1277; x_wconf 68' lang='lat' dir='ltr'><strong>quia</strong></span> 
     </span>
     <span class='ocr_line' id='line_1_8' title="bbox 141 1294 1124 1400; baseline 0 -29"><span class='ocrx_word' id='word_1_45' title='bbox 141 1298 282 1371; x_wconf 82' lang='lat' dir='ltr'><strong>naturali</strong></span> <span class='ocrx_word' id='word_1_46' title='bbox 312 1326 379 1371; x_wconf 85' lang='lat' dir='ltr'><strong>non</strong></span> <span class='ocrx_word' id='word_1_47' title='bbox 395 1297 605 1390; x_wconf 82' lang='lat' dir='ltr'><strong>abludebat,</strong></span> <span class='ocrx_word' id='word_1_48' title='bbox 631 1296 821 1373; x_wconf 83' lang='lat' dir='ltr'><strong>sublaeteus</strong></span> <span class='ocrx_word' id='word_1_49' title='bbox 845 1296 987 1400; x_wconf 81' lang='lat' dir='ltr'><strong>quidam</strong></span> <span class='ocrx_word' id='word_1_50' title='bbox 1001 1294 1124 1371; x_wconf 85' lang='lat' dir='ltr'><strong>humor</strong></span> 
     </span>
     <span class='ocr_line' id='line_1_9' title="bbox 145 1415 1129 1518; baseline 0.001 -26"><span class='ocrx_word' id='word_1_51' title='bbox 145 1417 263 1518; x_wconf 82' lang='lat' dir='ltr'><strong>(xvru</strong></span> <span class='ocrx_word' id='word_1_52' title='bbox 281 1416 297 1516; x_wconf 92' lang='lat'><em>)</em></span> <span class='ocrx_word' id='word_1_53' title='bbox 314 1416 521 1491; x_wconf 75' lang='lat' dir='ltr'><strong>redundabat</strong></span> <span class='ocrx_word' id='word_1_54' title='bbox 535 1444 547 1506; x_wconf 89' lang='grc'><strong>;</strong></span> <span class='ocrx_word' id='word_1_55' title='bbox 565 1415 671 1518; x_wconf 74' lang='lat' dir='ltr'><strong>qualis</strong></span> <span class='ocrx_word' id='word_1_56' title='bbox 695 1416 769 1490; x_wconf 80' lang='lat' dir='ltr'><strong>fieri</strong></span> <span class='ocrx_word' id='word_1_57' title='bbox 784 1415 869 1489; x_wconf 78' lang='lat' dir='ltr'><strong>solet</strong></span> <span class='ocrx_word' id='word_1_58' title='bbox 883 1416 1096 1514; x_wconf 79' lang='lat' dir='ltr'><strong>ejus-murus</strong></span> <span class='ocrx_word' id='word_1_59' title='bbox 1108 1469 1129 1509; x_wconf 77' lang='lat'><strong>,‚</strong></span> 
     </span>
     <span class='ocr_line' id='line_1_10' title="bbox 143 1535 1123 1640; baseline 0.003 -28"><span class='ocrx_word' id='word_1_60' title='bbox 143 1565 252 1640; x_wconf 87' lang='lat' dir='ltr'><strong>quum</strong></span> <span class='ocrx_word' id='word_1_61' title='bbox 282 1538 379 1635; x_wconf 84' lang='lat' dir='ltr'><strong>longa</strong></span> <span class='ocrx_word' id='word_1_62' title='bbox 405 1563 500 1612; x_wconf 82' lang='lat' dir='ltr'><strong>mura</strong></span> <span class='ocrx_word' id='word_1_63' title='bbox 528 1535 686 1612; x_wconf 83' lang='lat' dir='ltr'><strong>collectus</strong></span> <span class='ocrx_word' id='word_1_64' title='bbox 713 1537 929 1634; x_wconf 84' lang='lat' dir='ltr'><strong>computruit.</strong></span> <span class='ocrx_word' id='word_1_65' title='bbox 964 1536 1123 1621; x_wconf 72' lang='lat' dir='ltr'><strong>,Intestint</strong></span> 
     </span>
     <span class='ocr_line' id='line_1_11' title="bbox 145 1654 1129 1754; baseline -0.001 -24"><span class='ocrx_word' id='word_1_66' title='bbox 145 1658 260 1730; x_wconf 79' lang='lat' dir='ltr'><strong>omnia</strong></span> <span class='ocrx_word' id='word_1_67' title='bbox 284 1671 358 1754; x_wconf 89' lang='lat' dir='ltr'><strong>post</strong></span> <span class='ocrx_word' id='word_1_68' title='bbox 375 1655 571 1729; x_wconf 87' lang='lat' dir='ltr'><strong>duodenum</strong></span> <span class='ocrx_word' id='word_1_69' title='bbox 586 1655 720 1731; x_wconf 83' lang='lat' dir='ltr'><strong>flatibus</strong></span> <span class='ocrx_word' id='word_1_70' title='bbox 753 1654 1059 1729; x_wconf 74' lang='lat' dir='ltr'><strong>distendebantur:</strong></span> <span class='ocrx_word' id='word_1_71' title='bbox 1090 1656 1129 1729; x_wconf 80' lang='lat' dir='ltr'><strong>iu.</strong></span> 
     </span>
     <span class='ocr_line' id='line_1_12' title="bbox 41 1775 1128 1876; baseline 0.009 -26"><span class='ocrx_word' id='word_1_72' title='bbox 41 1851 49 1858; x_wconf 76' lang='grc'><strong>,</strong></span> <span class='ocrx_word' id='word_1_73' title='bbox 144 1779 341 1850; x_wconf 77' lang='lat' dir='ltr'><strong>mesenterio</strong></span> <span class='ocrx_word' id='word_1_74' title='bbox 358 1833 369 1872; x_wconf 85' lang='lat'>,</span> <span class='ocrx_word' id='word_1_75' title='bbox 388 1791 424 1851; x_wconf 86' lang='lat' dir='ltr'><strong>et</strong></span> <span class='ocrx_word' id='word_1_76' title='bbox 439 1778 581 1852; x_wconf 87' lang='lat' dir='ltr'><strong>omentis</strong></span> <span class='ocrx_word' id='word_1_77' title='bbox 597 1778 795 1876; x_wconf 76' lang='lat' dir='ltr'><strong>paucissima</strong></span> <span class='ocrx_word' id='word_1_78' title='bbox 818 1789 890 1853; x_wconf 85' lang='lat' dir='ltr'><strong>erat</strong></span> <span class='ocrx_word' id='word_1_79' title='bbox 903 1775 1128 1874; x_wconf 58' lang='lat' dir='ltr'><strong>pinguitudo„-</strong></span> 
     </span>
     <span class='ocr_line' id='line_1_13' title="bbox 150 1898 1129 1996; baseline 0.008 -27"><span class='ocrx_word' id='word_1_80' title='bbox 150 1899 247 1988; x_wconf 81' lang='lat' dir='ltr'><strong>Qunc</strong></span> <span class='ocrx_word' id='word_1_81' title='bbox 262 1911 372 1996; x_wconf 81' lang='lat' dir='ltr'><strong>partes</strong></span> <span class='ocrx_word' id='word_1_82' title='bbox 387 1900 560 1972; x_wconf 83' lang='lat' dir='ltr'><strong>universae</strong></span> <span class='ocrx_word' id='word_1_83' title='bbox 575 1924 655 1970; x_wconf 88' lang='lat' dir='ltr'><strong>eum</strong></span> <span class='ocrx_word' id='word_1_84' title='bbox 671 1899 875 1995; x_wconf 60' lang='lat' dir='ltr'><strong>eperum</strong></span> <span class='ocrx_word' id='word_1_85' title='bbox 897 1898 1129 1995; x_wconf 45' lang='lat' dir='ltr'><strong>conspicerere</strong></span> 
     </span>
     <span class='ocr_line' id='line_1_14' title="bbox 150 2012 1127 2115; baseline -0.001 -29"><span class='ocrx_word' id='word_1_86' title='bbox 150 2030 207 2087; x_wconf 86' lang='lat' dir='ltr'><strong>tur</strong></span> <span class='ocrx_word' id='word_1_87' title='bbox 226 2071 238 2108; x_wconf 85' lang='lat'>,</span> <span class='ocrx_word' id='word_1_88' title='bbox 266 2041 365 2089; x_wconf 87' lang='lat' dir='ltr'><strong>nemo</strong></span> <span class='ocrx_word' id='word_1_89' title='bbox 382 2017 549 2109; x_wconf 86' lang='lat' dir='ltr'><strong>omnium,</strong></span> <span class='ocrx_word' id='word_1_90' title='bbox 568 2040 653 2115; x_wconf 80' lang='lat' dir='ltr'><strong>ques</strong></span> <span class='ocrx_word' id='word_1_91' title='bbox 666 2014 803 2088; x_wconf 78' lang='lat' dir='ltr'><strong>idoneos</strong></span> <span class='ocrx_word' id='word_1_92' title='bbox 817 2014 864 2093; x_wconf 87' lang='lat' dir='ltr'><strong>ad</strong></span> <span class='ocrx_word' id='word_1_93' title='bbox 878 2012 1127 2100; x_wconf 81' lang='lat' dir='ltr'><strong>observandum</strong></span> 
     </span>
     <span class='ocr_line' id='line_1_15' title="bbox 78 2133 1126 2233; baseline 0.007 -26"><span class='ocrx_word' id='word_1_94' title='bbox 78 2133 82 2141; x_wconf 82' lang='grc'><strong>’</strong></span> <span class='ocrx_word' id='word_1_95' title='bbox 150 2161 440 2227; x_wconf 83' lang='lat' dir='ltr'><strong>convocaveram‚</strong></span> <span class='ocrx_word' id='word_1_96' title='bbox 469 2159 548 2209; x_wconf 87' lang='lat' dir='ltr'><strong>cum</strong></span> <span class='ocrx_word' id='word_1_97' title='bbox 568 2133 685 2208; x_wconf 83' lang='lat' dir='ltr'><strong>oeulos</strong></span> <span class='ocrx_word' id='word_1_98' title='bbox 717 2135 762 2211; x_wconf 75' lang='lat' dir='ltr'><strong>ud</strong></span> <span class='ocrx_word' id='word_1_99' title='bbox 775 2160 896 2208; x_wconf 71' lang='lat' dir='ltr'><strong>eurum</strong></span> <span class='ocrx_word' id='word_1_100' title='bbox 919 2135 1126 2233; x_wconf 74' lang='lat' dir='ltr'><strong>superficiem</strong></span> 
     </span>
     <span class='ocr_line' id='line_1_16' title="bbox 147 2251 1127 2353; baseline -0.002 -28"><span class='ocrx_word' id='word_1_101' title='bbox 147 2253 296 2352; x_wconf 87' lang='lat' dir='ltr'><strong>undique</strong></span> <span class='ocrx_word' id='word_1_102' title='bbox 309 2251 571 2350; x_wconf 77' lang='lat' dir='ltr'><strong>investigabilem</strong></span> <span class='ocrx_word' id='word_1_103' title='bbox 583 2253 797 2325; x_wconf 76' lang='lat' dir='ltr'><strong>attentissime</strong></span> <span class='ocrx_word' id='word_1_104' title='bbox 806 2251 1016 2346; x_wconf 59' lang='lat' dir='ltr'><strong>titubarent,</strong></span> <span class='ocrx_word' id='word_1_105' title='bbox 1032 2251 1127 2353; x_wconf 74' lang='lat' dir='ltr'><strong>quid-</strong></span> 
     </span>
     <span class='ocr_line' id='line_1_17' title="bbox 148 2370 1129 2474; baseline 0.002 -29"><span class='ocrx_word' id='word_1_106' title='bbox 148 2400 252 2474; x_wconf 84' lang='lat' dir='ltr'><strong>quum</strong></span> <span class='ocrx_word' id='word_1_107' title='bbox 271 2429 281 2465; x_wconf 84' lang='lat'>‚</span> <span class='ocrx_word' id='word_1_108' title='bbox 302 2372 355 2446; x_wconf 85' lang='lat' dir='ltr'><strong>vel</strong></span> <span class='ocrx_word' id='word_1_109' title='bbox 371 2373 510 2445; x_wconf 82' lang='lat' dir='ltr'><strong>minima</strong></span> <span class='ocrx_word' id='word_1_110' title='bbox 526 2370 741 2446; x_wconf 85' lang='lat' dir='ltr'><strong>similitudine</strong></span> <span class='ocrx_word' id='word_1_111' title='bbox 754 2371 965 2469; x_wconf 85' lang='lat' dir='ltr'><strong>pustulosum</strong></span> <span class='ocrx_word' id='word_1_112' title='bbox 980 2429 993 2465; x_wconf 89' lang='lat'>,</span> <span class='ocrx_word' id='word_1_113' title='bbox 1011 2373 1129 2472; x_wconf 83' lang='lat' dir='ltr'><strong>potuit</strong></span> 
     </span>
     <span class='ocr_line' id='line_1_18' title="bbox 148 2493 1124 2592; baseline 0.002 -26"><span class='ocrx_word' id='word_1_114' title='bbox 148 2496 370 2592; x_wconf 84' lang='lat' dir='ltr'><strong>conspicere.</strong></span> <span class='ocrx_word' id='word_1_115' title='bbox 404 2493 561 2584; x_wconf 88' lang='lat' dir='ltr'><strong>Quorum</strong></span> <span class='ocrx_word' id='word_1_116' title='bbox 590 2520 653 2592; x_wconf 89' lang='lat' dir='ltr'><strong>ego</strong></span> <span class='ocrx_word' id='word_1_117' title='bbox 669 2493 818 2592; x_wconf 78' lang='lat' dir='ltr'><strong>singulus</strong></span> <span class='ocrx_word' id='word_1_118' title='bbox 841 2522 923 2575; x_wconf 87' lang='lat' dir='ltr'><strong>eum</strong></span> <span class='ocrx_word' id='word_1_119' title='bbox 947 2494 1124 2586; x_wconf 77' lang='lat' dir='ltr'><strong>hortarer„</strong></span> 
     </span>
     <span class='ocr_line' id='line_1_19' title="bbox 149 2612 1126 2713; baseline 0.005 -27"><span class='ocrx_word' id='word_1_120' title='bbox 149 2639 306 2712; x_wconf 87' lang='lat' dir='ltr'><strong>quorem</strong></span> <span class='ocrx_word' id='word_1_121' title='bbox 339 2612 512 2712; x_wconf 75' lang='lat' dir='ltr'><strong>diligenter</strong></span> <span class='ocrx_word' id='word_1_122' title='bbox 527 2613 784 2713; x_wconf 78' lang='lat' dir='ltr'><strong>perquirerent,</strong></span> <span class='ocrx_word' id='word_1_123' title='bbox 803 2641 847 2688; x_wconf 89' lang='lat' dir='ltr'><strong>ne</strong></span> <span class='ocrx_word' id='word_1_124' title='bbox 862 2613 931 2688; x_wconf 86' lang='lat' dir='ltr'><strong>ullo</strong></span> <span class='ocrx_word' id='word_1_125' title='bbox 946 2641 1008 2688; x_wconf 86' lang='lat' dir='ltr'><strong>nos</strong></span> <span class='ocrx_word' id='word_1_126' title='bbox 1026 2615 1126 2691; x_wconf 78' lang='lat' dir='ltr'><strong>mede</strong></span> 
     </span>
     <span class='ocr_line' id='line_1_20' title="bbox 150 2730 1125 2840; baseline 0.008 -40"><span class='ocrx_word' id='word_1_127' title='bbox 150 2730 277 2803; x_wconf 76' lang='lat' dir='ltr'><strong>talleret</strong></span> <span class='ocrx_word' id='word_1_128' title='bbox 309 2730 520 2824; x_wconf 82' lang='lat' dir='ltr'><strong>observatio,</strong></span> <span class='ocrx_word' id='word_1_129' title='bbox 539 2757 592 2804; x_wconf 78' lang='lat' dir='ltr'><strong>rer</strong></span> <span class='ocrx_word' id='word_1_130' title='bbox 607 2732 725 2806; x_wconf 82' lang='lat' dir='ltr'><strong>accidit</strong></span> <span class='ocrx_word' id='word_1_131' title='bbox 749 2759 817 2808; x_wconf 89' lang='lat' dir='ltr'><strong>non</strong></span> <span class='ocrx_word' id='word_1_132' title='bbox 831 2733 965 2832; x_wconf 81' lang='lat' dir='ltr'><strong>illepide</strong></span> <span class='ocrx_word' id='word_1_133' title='bbox 981 2794 992 2831; x_wconf 91' lang='lat'>,</span> <span class='ocrx_word' id='word_1_134' title='bbox 1029 2764 1125 2840; x_wconf 66' lang='lat' dir='ltr'><strong>qum</strong></span> 
     </span>
     <span class='ocr_line' id='line_1_21' title="bbox 152 2849 1131 2947; baseline 0.005 -26"><span class='ocrx_word' id='word_1_135' title='bbox 152 2849 200 2921; x_wconf 90' lang='lat' dir='ltr'><strong>ob</strong></span> <span class='ocrx_word' id='word_1_136' title='bbox 216 2851 267 2922; x_wconf 88' lang='lat' dir='ltr'><strong>sni</strong></span> <span class='ocrx_word' id='word_1_137' title='bbox 283 2852 465 2924; x_wconf 78' lang='lat' dir='ltr'><strong>novitatem</strong></span> <span class='ocrx_word' id='word_1_138' title='bbox 481 2852 601 2924; x_wconf 82' lang='lat' dir='ltr'><strong>referre</strong></span> <span class='ocrx_word' id='word_1_139' title='bbox 616 2851 761 2947; x_wconf 83' lang='lat' dir='ltr'><strong>expedit.</strong></span> <span class='ocrx_word' id='word_1_140' title='bbox 780 2850 1000 2931; x_wconf 73' lang='lat' dir='ltr'><strong>Affirmabant</strong></span> <span class='ocrx_word' id='word_1_141' title='bbox 1015 2882 1131 2941; x_wconf 72' lang='lat' dir='ltr'><strong>omncs·</strong></span> 
     </span>
    </p>
   </div>
   <div class='ocr_carea' id='block_1_2' title="bbox 139 2969 1126 3434">
    <p class='ocr_par' dir='ltr' id='par_1_2' title="bbox 139 2969 1126 3434">
     <span class='ocr_line' id='line_1_22' title="bbox 139 2969 1126 3072; baseline 0.009 -30"><span class='ocrx_word' id='word_1_142' title='bbox 139 2969 253 3069; x_wconf 53' lang='lat' dir='ltr'><strong>&gt;hujus</strong></span> <span class='ocrx_word' id='word_1_143' title='bbox 266 2970 436 3044; x_wconf 83' lang='lat' dir='ltr'><strong>cadaveris</strong></span> <span class='ocrx_word' id='word_1_144' title='bbox 452 2977 576 3046; x_wconf 85' lang='lat' dir='ltr'><strong>viscera</strong></span> <span class='ocrx_word' id='word_1_145' title='bbox 592 2971 801 3069; x_wconf 77' lang='lat' dir='ltr'><strong>superficiem</strong></span> <span class='ocrx_word' id='word_1_146' title='bbox 815 2973 1083 3072; x_wconf 67' lang='lat' dir='ltr'><strong>integerrimam,</strong></span> <span class='ocrx_word' id='word_1_147' title='bbox 1096 2991 1126 3051; x_wconf 90' lang='lat' dir='ltr'><strong>et</strong></span> 
     </span>
     <span class='ocr_line' id='line_1_23' title="bbox 150 3090 1126 3191; baseline 0.002 -27"><span class='ocrx_word' id='word_1_148' title='bbox 150 3090 195 3164; x_wconf 82' lang='lat' dir='ltr'><strong>ab</strong></span> <span class='ocrx_word' id='word_1_149' title='bbox 209 3092 303 3164; x_wconf 86' lang='lat' dir='ltr'><strong>omni</strong></span> <span class='ocrx_word' id='word_1_150' title='bbox 320 3090 373 3164; x_wconf 86' lang='lat' dir='ltr'><strong>vel</strong></span> <span class='ocrx_word' id='word_1_151' title='bbox 387 3092 550 3167; x_wconf 85' lang='lat' dir='ltr'><strong>levissima</strong></span> <span class='ocrx_word' id='word_1_152' title='bbox 564 3090 772 3191; x_wconf 84' lang='lat' dir='ltr'><strong>pustularum</strong></span> <span class='ocrx_word' id='word_1_153' title='bbox 785 3093 892 3190; x_wconf 87' lang='lat' dir='ltr'><strong>specie</strong></span> <span class='ocrx_word' id='word_1_154' title='bbox 906 3092 1057 3173; x_wconf 78' lang='lat' dir='ltr'><strong>liberam.</strong></span> <span class='ocrx_word' id='word_1_155' title='bbox 1072 3096 1126 3177; x_wconf 67' lang='lat' dir='ltr'><strong>hu·</strong></span> 
     </span>
     <span class='ocr_line' id='line_1_24' title="bbox 148 3203 1126 3306; baseline 0.01 -28"><span class='ocrx_word' id='word_1_156' title='bbox 148 3203 230 3279; x_wconf 86' lang='lat' dir='ltr'><strong>bere</strong></span> <span class='ocrx_word' id='word_1_157' title='bbox 249 3233 358 3300; x_wconf 83' lang='lat' dir='ltr'><strong>‚cum</strong></span> <span class='ocrx_word' id='word_1_158' title='bbox 373 3223 505 3306; x_wconf 86' lang='lat' dir='ltr'><strong>repente</strong></span> <span class='ocrx_word' id='word_1_159' title='bbox 520 3235 561 3281; x_wconf 86' lang='lat' dir='ltr'><strong>ex</strong></span> <span class='ocrx_word' id='word_1_160' title='bbox 580 3207 872 3304; x_wconf 72' lang='grc' dir='ltr'><strong>0111111111111111111,Ι</strong></span> <span class='ocrx_word' id='word_1_161' title='bbox 896 3212 1005 3289; x_wconf 83' lang='lat' dir='ltr'><strong>oeulis</strong></span> <span class='ocrx_word' id='word_1_162' title='bbox 1025 3216 1061 3288; x_wconf 91' lang='lat' dir='ltr'><strong>in</strong></span> <span class='ocrx_word' id='word_1_163' title='bbox 1075 3215 1126 3288; x_wconf 86' lang='lat' dir='ltr'><strong>de-</strong></span> 
     </span>
     <span class='ocr_line' id='line_1_25' title="bbox 152 3329 1124 3434; baseline 0.01 -33"><span class='ocrx_word' id='word_1_164' title='bbox 152 3345 265 3403; x_wconf 77' lang='lat' dir='ltr'><strong>rtrum</strong></span> <span class='ocrx_word' id='word_1_165' title='bbox 282 3329 344 3404; x_wconf 90' lang='lat' dir='ltr'><strong>coli</strong></span> <span class='ocrx_word' id='word_1_166' title='bbox 363 3331 475 3405; x_wconf 82' lang='lat' dir='ltr'><strong>sedem</strong></span> <span class='ocrx_word' id='word_1_167' title='bbox 489 3330 631 3426; x_wconf 79' lang='lat' dir='ltr'><strong>deliris,</strong></span> <span class='ocrx_word' id='word_1_168' title='bbox 659 3346 840 3434; x_wconf 84' lang='lat' dir='ltr'><strong>postquam</strong></span> <span class='ocrx_word' id='word_1_169' title='bbox 854 3332 981 3411; x_wconf 86' lang='lat' dir='ltr'><strong>iterum</strong></span> <span class='ocrx_word' id='word_1_170' title='bbox 995 3339 1124 3413; x_wconf 87' lang='lat' dir='ltr'><strong>iterum·</strong></span> 
     </span>
    </p>
   </div>
   <div class='ocr_carea' id='block_1_3' title="bbox 152 3451 1131 3917">
    <p class='ocr_par' dir='ltr' id='par_1_3' title="bbox 152 3451 1131 3917">
     <span class='ocr_line' id='line_1_26' title="bbox 152 3451 1131 3552; baseline 0.013 -32"><span class='ocrx_word' id='word_1_171' title='bbox 152 3471 219 3548; x_wconf 79' lang='lat' dir='ltr'><strong>que</strong></span> <span class='ocrx_word' id='word_1_172' title='bbox 235 3453 352 3527; x_wconf 78' lang='lat' dir='ltr'><strong>tacitus</strong></span> <span class='ocrx_word' id='word_1_173' title='bbox 366 3451 630 3548; x_wconf 78' lang='lat' dir='ltr'><strong>inspectuverat,</strong></span> <span class='ocrx_word' id='word_1_174' title='bbox 648 3451 766 3552; x_wconf 82' lang='lat' dir='ltr'><strong>plausu</strong></span> <span class='ocrx_word' id='word_1_175' title='bbox 781 3454 871 3535; x_wconf 81' lang='lat' dir='ltr'><strong>editu</strong></span> <span class='ocrx_word' id='word_1_176' title='bbox 891 3511 902 3548; x_wconf 94' lang='lat'>,</span> <span class='ocrx_word' id='word_1_177' title='bbox 937 3455 1101 3533; x_wconf 81' lang='lat' dir='ltr'><strong>exclamat</strong></span> <span class='ocrx_word' id='word_1_178' title='bbox 1111 3511 1131 3549; x_wconf 69' lang='lat'><strong>,‚</strong></span> 
     </span>
     <span class='ocr_line' id='line_1_27' title="bbox 153 3567 1129 3676; baseline 0.015 -36"><span class='ocrx_word' id='word_1_179' title='bbox 153 3567 320 3666; x_wconf 82' lang='lat' dir='ltr'><strong>pustulam</strong></span> <span class='ocrx_word' id='word_1_180' title='bbox 336 3572 480 3645; x_wconf 85' lang='lat' dir='ltr'><strong>inveni:</strong></span> <span class='ocrx_word' id='word_1_181' title='bbox 512 3571 729 3675; x_wconf 83' lang='lat' dir='ltr'><strong>indigitatque</strong></span> <span class='ocrx_word' id='word_1_182' title='bbox 759 3574 905 3676; x_wconf 85' lang='lat' dir='ltr'><strong>mediam</strong></span> <span class='ocrx_word' id='word_1_183' title='bbox 931 3581 1129 3655; x_wconf 82' lang='lat' dir='ltr'><strong>anteriorem·</strong></span> 
     </span>
     <span class='ocr_line' id='line_1_28' title="bbox 154 3676 1124 3787; baseline 0.014 -30"><span class='ocrx_word' id='word_1_184' title='bbox 154 3685 218 3764; x_wconf 88' lang='lat' dir='ltr'><strong>coli</strong></span> <span class='ocrx_word' id='word_1_185' title='bbox 235 3688 352 3763; x_wconf 86' lang='lat' dir='ltr'><strong>faciem</strong></span> <span class='ocrx_word' id='word_1_186' title='bbox 368 3693 518 3787; x_wconf 79' lang='lat' dir='ltr'><strong>proxime</strong></span> <span class='ocrx_word' id='word_1_187' title='bbox 543 3695 631 3768; x_wconf 84' lang='lat' dir='ltr'><strong>cueei</strong></span> <span class='ocrx_word' id='word_1_188' title='bbox 647 3676 855 3769; x_wconf 81' lang='lat' dir='ltr'><strong>terminum.</strong></span> <span class='ocrx_word' id='word_1_189' title='bbox 874 3697 992 3787; x_wconf 81' lang='lat' dir='ltr'><strong>Quem</strong></span> <span class='ocrx_word' id='word_1_190' title='bbox 1018 3700 1060 3779; x_wconf 75' lang='lat' dir='ltr'><strong>ud</strong></span> <span class='ocrx_word' id='word_1_191' title='bbox 1082 3698 1124 3771; x_wconf 88' lang='lat' dir='ltr'><strong>lo·</strong></span> 
     </span>
     <span class='ocr_line' id='line_1_29' title="bbox 155 3801 1125 3917; baseline 0.004 -34"><span class='ocrx_word' id='word_1_192' title='bbox 155 3801 235 3883; x_wconf 84' lang='lat' dir='ltr'><strong>eum</strong></span> <span class='ocrx_word' id='word_1_193' title='bbox 249 3809 489 3907; x_wconf 87' lang='lat' dir='ltr'><strong>inspiciendum</strong></span> <span class='ocrx_word' id='word_1_194' title='bbox 507 3837 585 3885; x_wconf 89' lang='lat' dir='ltr'><strong>cum</strong></span> <span class='ocrx_word' id='word_1_195' title='bbox 603 3836 718 3890; x_wconf 79' lang='lat' dir='ltr'><strong>omnes</strong></span> <span class='ocrx_word' id='word_1_196' title='bbox 736 3815 948 3888; x_wconf 83' lang='lat' dir='ltr'><strong>accurrissent</strong></span> <span class='ocrx_word' id='word_1_197' title='bbox 966 3841 1057 3906; x_wconf 82' lang='lat' dir='ltr'><strong>,nun</strong></span> <span class='ocrx_word' id='word_1_198' title='bbox 1072 3839 1125 3917; x_wconf 86' lang='lat' dir='ltr'><strong>pn-</strong></span> 
     </span>
    </p>
   </div>
   <div class='ocr_carea' id='block_1_4' title="bbox 21 3921 1122 4031">
    <p class='ocr_par' dir='ltr' id='par_1_4' title="bbox 21 3921 1122 4031">
     <span class='ocr_line' id='line_1_30' title="bbox 21 3921 1122 4031; baseline -0.009 -19"><span class='ocrx_word' id='word_1_199' title='bbox 21 3927 24 3934; x_wconf 60' lang='grc'><strong>’</strong></span> <span class='ocrx_word' id='word_1_200' title='bbox 156 3926 408 4026; x_wconf 73' lang='lat' dir='ltr'><strong>tntummodo,</strong></span> <span class='ocrx_word' id='word_1_201' title='bbox 423 3930 479 4007; x_wconf 85' lang='lat' dir='ltr'><strong>sed</strong></span> <span class='ocrx_word' id='word_1_202' title='bbox 496 3946 528 4003; x_wconf 84' lang='lat' dir='ltr'><strong>et</strong></span> <span class='ocrx_word' id='word_1_203' title='bbox 538 3921 684 4031; x_wconf 71' lang='lat' dir='ltr'><strong>pustulas</strong></span> <span class='ocrx_word' id='word_1_204' title='bbox 700 3932 855 4015; x_wconf 80' lang='lat' dir='ltr'><strong>audacter</strong></span> <span class='ocrx_word' id='word_1_205' title='bbox 871 3931 1122 4023; x_wconf 74' lang='lat' dir='ltr'><strong>conclamarunt:</strong></span> 
     </span>
    </p>
   </div>
   <div class='ocr_carea' id='block_1_5' title="bbox 0 0 1286 4710">
    <p class='ocr_par' dir='ltr' id='par_1_5' title="bbox 0 0 1286 4710">
     <span class='ocr_line' id='line_1_31' title="bbox 0 0 1286 4710; baseline 0 0"><span class='ocrx_word' id='word_1_206' title='bbox 0 0 1286 4710; x_wconf 95' lang='lat' dir='ltr'><strong> </strong></span> 
     </span>
    </p>
   </div>
  </div>
 </body>
</html>
