2544 4710
645 373 804 485 (aaa)

227 550 391 653 beatem,
419 545 546 646 primus
570 545 722 620 omnium
754 545 835 644 puri.
864 539 1046 643 subjecto,
1072 539 1209 619 melleae

228 669 396 744 fluiditatis
413 686 431 764 ‚·
453 664 700 740 exsudationeru
724 662 911 762 permittit.
939 663 1018 756 Et,
1043 688 1130 765 quaa
1154 689 1214 736 er-

227 790 323 865 su'dat
347 814 422 889 pars
444 796 527 877 aere
543 798 689 861 munau·
709 787 837 885 apicem
849 782 994 859 illumin
1010 799 1213 860 ousueaam

225 911 414 1013 duramque
436 924 588 1011 naturam
613 910 804 1005 convertit,
829 932 915 1010 quae
927 930 1095 1006 gemmae
1111 909 1214 983 instar

225 1031 285 1135 (p)
309 1031 468 1106 verticem
500 1028 648 1130 pustulae
680 1043 799 1125 tenet,
833 1027 1093 1131 operculumque
1127 1044 1208 1122 est,

131 1214 133 1218 .
224 1151 317 1254 quod
341 1153 367 1224 si
392 1149 505 1225 demas
523 1204 533 1245 ,
553 1148 702 1248 subjecto
717 1150 793 1248 puri
807 1160 957 1249 prompte
972 1146 1137 1247 effugium
1151 1175 1212 1248 pa*

227 1287 303 1346 tet.
332 1273 379 1345 Et
403 1268 581 1372 pulchrum
605 1268 679 1343 visu
703 1280 783 1363 est,
810 1295 879 1372 quo
914 1267 1030 1344 ordine
1053 1295 1075 1342 a
1099 1280 1213 1344 centro

225 1387 375 1489 pustulae
399 1389 548 1478 transivit
571 1387 615 1460 ad
641 1386 804 1461 ambitum
828 1389 1077 1485 inflammatio,
1104 1405 1140 1464 et
1164 1393 1211 1465 in-

105 1494 108 1500 ⁵
228 1508 461 1583 dammationis
484 1508 678 1610 pedissequa
714 1511 932 1609 suppuratio,
959 1508 1079 1587 eodem
1112 1513 1213 1586 etiam

225 1627 379 1730 progredi
404 1629 698 1728 persiccationem.
727 1631 816 1705 Nam
843 1658 862 1702 a
887 1656 1018 1729 gemma
1042 1630 1207 1708 crustaoea

226 1748 386 1820 verticem
408 1759 539 1820 tenente
562 1744 731 1846 paullatim
756 1744 952 1822 diffunditur
986 1750 1209 1848 persiccatio,

227 1864 406 1963 exsudante
429 1891 489 1964 per
512 1847 689 1940 cuticulam
714 1865 855 1940 lluddiori
872 1881 963 1965 parte
976 1870 1081 1968 puris,
1096 1870 1214 1971 'donec'

227 1984 396 2084 paullatim
421 1985 646 2084 complanetur
670 1984 802 2088 pustula
817 2000 885 2061 tota
906 2044 916 2081 ,
934 2003 967 2062 et
976 1988 1116 2064 demum
1136 1993 1210 2067 sula

227 2105 344 2197 lusca,
372 2106 604 2203 persiccatione
626 2106 796 2205 perfecta,
823 2108 890 2181 cuti
907 2105 1089 2206 applicetur
1108 2137 1120 2184 ε
1139 2110 1213 2188 brt·

228 2226 261 2298 vi
285 2224 424 2299 decidua
449 2250 527 2298 cum
551 2226 716 2322 integritas
739 2226 863 2319 muci,
895 2227 1217 2333 superinductaeqne

228 2344 415 2436 cuticulae,
443 2344 589 2417 Naturae
613 2342 775 2416 beneficio
799 2343 864 2416 sub
888 2358 1055 2420 crustacea
1080 2348 1216 2446 pustula

226 2465 324 2537 luerit
347 2463 523 2548 restituta.
552 2463 671 2537 Crusta
701 2477 811 2537 autem
852 2463 1024 2539 decidente
1046 2466 1132 2541 nihil
1175 2471 1215 2544 de

156 2661 158 2671 4
227 2599 303 2659 cute
327 2598 542 2658 consumtum
566 2597 697 2658 restat.
723 2585 812 2659 Nam
831 2586 1014 2661 cicatricem
1032 2602 1067 2662 et
1082 2590 1217 2666 foveam

228 2704 263 2776 in
288 2715 364 2778 cute
388 2701 572 2802 relinquere
596 2702 700 2776 malae
723 2703 872 2798 indolis,
899 2719 934 2778 et
965 2709 1129 2805 perversis
1149 2710 1214 2783 'hu-

168 2854 173 2860 ·
225 2821 379 2895 moribus
402 2819 617 2918 degeneratae
640 2821 783 2896 variolae
818 2821 957 2899 want.
983 2825 1127 2904 Etenim
1150 2816 1237 2930 pus¹

226 2939 428 3016 variolosum
453 2965 531 3015 cum
557 2938 686 3014 bonum
711 2953 760 3013 est
779 2995 790 3034 ‚
807 2944 949 3015 suaviter
970 2945 1085 3043 potius
1101 2963 1209 3022 cutem

227 3061 358 3135 mordet
382 3060 520 3158 pruritu,
533 3059 716 3159 perblanda
734 3086 744 3150 ;
763 3065 854 3162 quasi
868 3060 1041 3138 hominem
1062 3076 1208 3162 moneat,

225 3204 294 3278 quo
320 3181 482 3276 unguium
519 3177 719 3252 adminiculo
742 3178 889 3278 pustulas
926 3200 1153 3284 perrumpat,
1179 3204 1211 3262 et

224 3301 302 3398 puri
327 3298 466 3372 collecto
487 3353 498 3389 ‚
518 3313 568 3371 'ne
584 3311 708 3372 remeet
723 3301 757 3370 in
773 3298 965 3395 sanguinem
986 3357 996 3394 ,
1017 3302 1130 3382 citum
1144 3306 1207 3378 exi·

228 3434 300 3492 tum
326 3420 411 3492 det.
441 3417 610 3520 Siquidem
636 3417 730 3492 facile
754 3428 916 3517 apparet,
945 3424 1067 3496 exactis
1109 3427 1210 3499 omni·

228 3538 292 3610 bus
317 3537 471 3610 variolosi
498 3537 608 3608 morbi
631 3537 771 3631 stadiiS,
798 3536 862 3612 hoc
887 3559 993 3613 unum
1010 3567 1209 3643 superesse,

224 3658 269 3736 'ue
292 3660 382 3756 puris
410 3656 647 3757 pustularum,
686 3657 777 3756 quod
814 3668 979 3738 venenum
1011 3664 1158 3742 confecit
1195 3692 1215 3740 a

609 3825 812 3845 m

228 3891 281 3990 (a)
305 3889 377 4019 Fls·
406 3890 457 3952 u*
