2544 4710
465 391 627 494 (557)

62 553 171 632 hesim
199 555 528 655 sensimsensimqne
552 549 750 628 descendere
774 549 852 652 (l).
882 550 933 625 Ut
950 576 993 625 er
1008 574 1051 627 ao

60 675 165 752 etiam
189 702 343 781 agnoscas
368 692 470 775 quam
495 671 582 749 ultra
606 671 763 748 viciniam
787 673 893 766 rutis,
907 699 993 770 pene
1008 672 1053 746 ad

61 796 189 894 apicem
212 795 361 896 pustulae
386 794 591 870 variolosum
605 815 774 868 venenum
793 791 917 891 releget
941 792 1051 867 Natu·

61 939 128 986 ra‘·
155 913 223 988 Hic
247 928 358 995 nutem
381 912 498 991 anulus
522 912 565 988 ad
583 912 729 1012 pustulae
745 921 918 1009 summurn
940 909 1049 984 ambi«

64 1046 142 1108 tum
164 1033 201 1106 iu
225 1033 293 1107 dies
318 1060 353 1108 se
376 1031 539 1111 distendas
563 1029 733 1132 paullatim
757 1030 800 1106 ad
817 1032 921 1106 imam
937 1027 1048 1103 hasim

61 1154 133 1250 ejus
156 1134 430 1253 suppurationem
452 1151 556 1226 defert
573 1149 641 1253 (m)
663 1207 673 1245 ,
692 1177 795 1251 quam
809 1173 979 1249 uunquam
998 1160 1050 1221 at-

62 1276 191 1373 tingit,
219 1275 301 1353 dum
324 1275 433 1354 bonae
456 1289 533 1348 sunt
556 1272 700 1350 variulae
719 1327 735 1366 ,
757 1298 836 1346 cunr
873 1270 959 1344 cutis
991 1267 1050 1340 de·

62 1398 218 1472 trimeuto
243 1395 333 1497 (a).
361 1390 622 1472 Etenim'antea
645 1421 747 1496 quarn
764 1392 871 1465 basim
896 1391 1047 1487 attingat,

57 1514 249 1615 nudamque
273 1531 416 1610 cutem,
443 1542 505 1616 pus
522 1514 686 1589 ambitum
703 1512 852 1611 pustulae
870 1533 1047 1606 occupans,

58 1647 115 1706 aut
139 1632 295 1731 repagula
320 1634 449 1731 rumpit
467 1689 477 1726 ,
497 1648 555 1707 aut
572 1633 689 1707 acriori
705 1633 833 1730 pruritu
851 1631 1055 1726 apertionem

62 1752 126 1824 sibi
149 1769 337 1857 procurat.
367 1753 521 1830 inclusae
546 1767 678 1827 tautum
702 1751 872 1851 glandulae
894 1751 1051 1824 sebaceae

61 1871 231 1971 (nxxm)
256 1900 335 1971 pars
360 1900 486 1975 ,quae
510 1876 637 1948 acutis
668 1872 767 1972 planu
809 1899 888 1945 curn
923 1869 1056 1968 pustula
1089 1945 1093 1952 ,

65 1983 242 2086 sunerit,
270 1997 504 2094 suppuratione
529 1996 736 2089 destruitur,
763 1993 888 2068 fundus
905 1993 976 2066 euti
999 1996 1052 2064 iu-

61 2111 148 2193 fixus
171 2113 297 2212 integer
320 2130 433 2190 manet
457 2112 574 2214 (nu),
602 2142 620 2188 a
643 2136 715 2214 quo
741 2111 888 2210 pilorum
921 2110 1054 2184 subules

60 2232 234 2315 reficitur.
263 2233 380 2336 Itaque
404 2264 425 2309 a
449 2235 608 2335 benignis
629 2233 760 2310 variolis
775 2259 944 2333 nunquam
969 2234 1053 2305 cicae

56 2351 221 2434 tricasus'‚
248 2366 283 2425 et
309 2375 457 2434 απωγων
499 2352 600 2428 homo
616 2354 706 2447 nt,
741 2351 903 2450 malignae
942 2367 1055 2426 cutem

56 2470 258 2567 profundius
284 2473 459 2547 erodentes
483 2530 494 2568 ,
522 2472 842 2576 cumglandularum
858 2473 1056 2549 destructiu'-

60 2613 105 2663 ne
129 2591 326 2690 completa,
367 2594 596 2670 cicatricosam
633 2594 804 2670 bominem
837 2596 1058 2698 glabrumque

55 2710 276 2811 relinquunt.
305 2712 378 2786 Sed
399 2712 561 2812 completa
600 2713 749 2812 pustulae
782 2713 1050 2813 suppuratione,

55 2831 207 2910 umbilici
231 2832 354 2927 sedes,
384 2860 470 2934 qnae
496 2846 592 2907 antea
621 2833 727 2908 sidens
744 2848 849 2928 erat,
877 2847 909 2905 et
941 2861 1048 2925 cava,

55 2983 126 3030 uon
152 2955 256 3031 modo
284 2954 561 3056 adaequabilem
586 2983 664 3030 cum
689 2954 812 3056 reliqua
827 2955 957 3055 pustula
975 2946 1053 3028 c‘on·

54 3077 233 3149 venitatem
250 3076 378 3169 'venit,
406 3101 448 3148 ex
489 3101 562 3176 quo
602 3072 805 3149 lenticularis
837 3075 944 3173 prima
983 3077 1056 3172 ejus

54 3194 163 3271 forma
188 3205 257 3267 tota
282 3194 317 3266 in
343 3193 549 3292 sphaericam
570 3192 769 3268 rotundatur
796 3193 884 3294 (0),
912 3193 969 3266 sed
994 3218 1055 3267 sue

53 3309 187 3386 blimiur
211 3314 348 3409 assurgit
368 3371 378 3408 ‚
408 3327 441 3388 et
456 3316 490 3386 in
504 3319 648 3415 apicem
664 3312 823 3386 attollitur
847 3367 856 3385 .
884 3314 952 3406 Qui
971 3340 1055 3412 apen

52 3428 204 3504 adustam
228 3428 355 3504 hahens
383 3432 532 3532 flagitem
557 3432 709 3508 umbilici
720 3431 897 3508 cuticulam
924 3434 1054 3508 incum-

438 3582 642 3615 —i--n-u

56 3670 97 3762 (l)
121 3669 196 3765 Fig.
224 3697 261 3740 rr.
288 3673 326 3744 Β..
349 3699 407 3766 gg.
435 3675 508 3767 Fig.
578 3679 656 3766 (nn)
680 3675 755 3770 Fig.
784 3701 828 3745 rr.
845 3679 882 3743 in
903 3689 974 3746 cute
999 3676 1049 3742 bb.

98 3806 224 3852 1v.uu.
595 3784 654 3853 sub
678 3815 711 3855 a.
818 3802 821 3807 '
880 3789 882 3794 ’

54 3897 116 3981 (nr)
140 3895 212 3987 Fig.
241 3919 284 3962 iv.
311 3924 364 3964 aa.
574 3900 624 3991 (ο)
647 3898 721 3992 Fig.
742 3923 776 3967 r.

53 4006 106 4092 (n)
131 4004 203 4097 Fig.
232 4031 277 4073 vr.
303 4030 350 4092 a,
375 4005 428 4075 bd.
