2544 4710
561 417 691 517 (5⁰)

136 572 246 647 dedita
271 572 359 646 velut
384 599 512 672 opera,
541 588 574 657 et
599 576 736 672 graviter
773 575 932 671 impetant
945 589 961 666 ‘,
990 585 1023 645 et
1047 599 1119 672 pere

136 697 286 789 tinaciter
311 709 472 793 occupent
480 723 492 784 ,·
508 722 576 779 non
600 697 767 783 immerito
783 697 899 794 quaeri
915 709 1026 793 posset
1042 721 1121 774 num

138 843 319 898 nervorum
343 816 595 909 ischiadicorum
610 818 744 914 vaginae
760 814 959 914 peculiarem
972 815 1120 917 aliquam

139 932 285 1016 habeant
311 933 555 1036 dispositionem
576 990 586 1028 ,
614 937 707 1034 cujus
731 935 879 1006 maxime
895 959 1009 1018 caussa
1022 936 1060 1007 in
1074 959 1127 1014 eas.

140 1081 244 1139 noxas
267 1058 507 1159 frequentius,
533 1071 579 1130 et
603 1058 731 1155 gravius
768 1058 934 1138 incurrant
963 1108 975 1149 ,
1002 1055 1128 1156 quibus

143 1179 263 1265 caeteri
290 1179 357 1255 fece
394 1181 488 1270 nervi
526 1192 601 1252 suut
624 1180 818 1269 immunes,
856 1189 894 1249 ut
918 1202 938 1247 e
961 1177 1128 1274 sanguinis

144 1306 251 1377 massa
279 1298 520 1384 redundantem
544 1325 736 1398 vaporem,
765 1325 919 1399 acresque
953 1297 1132 1397 particulas,

143 1420 351 1516 suscipiant,
380 1434 412 1493 et
437 1419 656 1494 exterioribus
681 1420 801 1510 caussis
825 1420 908 1492 adeo
926 1423 1070 1518 graviter
1085 1418 1134 1492 af-.

144 1541 322 1615 ficiantur.
351 1543 397 1614 Et
423 1542 505 1632 mihi
528 1542 666 1643 quidem
691 1541 800 1641 plures
814 1541 969 1622 videntur
993 1540 1131 1627 habere:¹
1168 1545 1173 1554 '

50 1691 55 1706 ·
145 1687 289 1760 quarum
315 1676 363 1736 ost
387 1675 475 1737 certe
500 1664 651 1760 princeps
675 1659 818 1752 laxitas,
847 1673 880 1731 et
919 1658 1132 1757 amplitudo,

145 1808 231 1882 quae
255 1808 432 1866 nervorum
463 1780 715 1870 ischiadicorum
752 1777 968 1868 exterioribus
1008 1779 1132 1877 vaginis

147 1913 237 1974 tanta
263 1902 426 2000 contigit,
454 1915 602 2002 quanta,
630 1899 836 1999 quodseiarn
856 1953 867 1989 ,
886 1896 967 1986 nulli
991 1897 1047 1988 alii
1064 1926 1135 1974 ner-.

146 2042 191 2090 vo
216 2021 362 2117 corporis
386 2020 554 2092 humani.
583 2019 712 2092 Notum
737 2044 878 2118 namque
902 2031 980 2109 cst,
1020 2017 1136 2092 ischia,

149 2138 263 2212 dicum
288 2167 428 2215 nervum
456 2137 627 2239 multiplici
653 2141 777 2237 origine
793 2166 812 2218 a
829 2139 920 2235 spina
935 2152 1134 2236 prognatum

148 2274 223 2347 post
248 2262 407 2359 majorem
432 2261 563 2335 femoris
588 2260 826 2344 trochanterem
853 2259 886 2330 in
914 2285 1021 2348 unum
1047 2273 1136 2346 trun·

150 2406 229 2453 cum
254 2380 461 2474 coalescere,
489 2407 556 2480 quo
583 2406 648 2452 non
674 2381 781 2477 major
797 2403 916 2452 neruus
933 2391 1005 2468 toto
1022 2378 1058 2448 in
1080 2377 1140 2450 ho·.

151 2499 248 2570 minis
272 2527 407 2598 corpore
429 2493 625 2589 invenitur,
654 2499 728 2571 Hoc
753 2495 1138 2599 auternintrunco.q11a-.

151 2631 251 2713 tuor,
279 2621 331 2694 vel
357 2626 504 2724 quinque
527 2619 677 2713 radices,
716 2620 887 2716 separatim
926 2647 945 2690 a
969 2623 1062 2718 spina
1087 2646 1140 2694 rev

152 2741 307 2835 nientes,
336 2746 521 2835 uniuntur,
549 2770 633 2844 quae
658 2767 724 2812 nen
749 2737 803 2809 sta
829 2763 965 2820 nervosa
1006 2739 1138 2829 modo,

153 2859 212 2931 sed
238 2865 271 2933 et
296 2864 430 2961 vaginas
454 2888 528 2934 suas
554 2888 668 2935 omncs
692 2862 725 2931 in
762 2883 867 2935 unum
883 2907 886 2910 -
902 2858 1139 2955 conjungunt,

152 2977 200 3049 Et
225 2977 286 3052 hae
310 2981 445 3090 quidem
470 2982 636 3080 vaginae,
663 3004 743 3080 quas
768 2977 888 3048 dixeris
914 3002 1015 3049 nervo
1044 2978 1141 3075 origia

154 3100 284 3193 uarias,
303 3101 392 3178 nulla
405 3129 603 3202 superuacua
615 3101 751 3190 ‚laxitate
766 3097 916 3181 laborant
927 3124 940 3184 z,
959 3100 1041 3197 quin
1058 3098 1139 3192 ima,

154 3243 284 3307 nervo,
312 3247 413 3319 quern
438 3222 639 3314 includunt,
668 3244 798 3317 semper
824 3219 987 3316 aptissime
1004 3216 1141 3290 adstrin.

155 3351 295 3437 guntur.¹
310 3341 444 3418 Lanitas
457 3357 591 3445 autern,
610 3368 712 3442 quarn
725 3339 862 3412 nirniarn
878 3340 1000 3418 asserui
1020 3395 1030 3432 ,
1050 3342 1143 3413 novis

155 3455 356 3555 quibusdam
373 3460 441 3532 aliis
453 3463 535 3534 inest
552 3461 689 3558 vaginis,
719 3459 911 3561 quaefacta
930 3460 1000 3556 jam
1025 3457 1145 3533 ischia-¹

158 3576 222 3663 dici
247 3579 340 3680 nervi
365 3595 479 3654 trunco
506 3579 639 3669 tandem
680 3579 942 3682 superveniunt.
966 3574 1038 3646 Eas
1062 3573 1145 3673 adji-

69 3737 73 3748 ·
159 3702 203 3774 cit
228 3693 383 3775 cellulosa
421 3701 647 3793 membrana„
673 3726 757 3799 quae
783 3698 926 3772 occurrit
964 3696 1145 3793 copiosissi-

66 3916 69 3921 ⁴
159 3848 244 3924 ma,
272 3835 304 3894 ct
330 3821 455 3923 maguis
480 3819 723 3933 laminisdivcs
750 3875 760 3919 ,
789 3817 846 3930 utri
863 3815 1010 3913 primurn
1025 3843 1148 3907 nereus
