2544 4710
560 440 718 551 (³16)

147 601 211 673 dici
233 598 327 677 rrervi
351 618 507 704 parturn,
535 623 672 705 propter
710 605 803 679 illum
833 603 1022 678 malleolum
1067 594 1123 678 de·

144 724 354 799 scandentem
374 784 384 819 ,
412 730 624 826 pertinuerit.
654 729 840 801 Aurucasrs
864 751 941 797 vero
957 725 1019 798 fuit
1037 781 1047 819 ,
1066 729 1122 826 qui

119 844 287 916 'maxime
307 846 459 919 omnium
486 848 602 920 nostris
626 845 806 919 rationibus
823 844 997 918 videbatur
1022 845 1125 942 expli·

67 1002 70 1005 ·
114 960 263 1067 'cabiles
287 963 432 1041 attulisse
456 965 720 1055 observationes3
748 993 826 1038 narn
850 971 888 1037 in
920 989 966 1036 ea
991 964 1122 1040 ischia·

39 1168 42 1174 Ι
142 1085 209 1176 de,
237 1089 274 1157 in
300 1111 374 1186 qua
399 1089 452 1159 ad
457 1101 464 1116 ·’
475 1091 608 1187 digitos
632 1113 746 1188 usque
780 1089 880 1186 pedis
918 1087 1024 1158 dolor·
1049 1102 1125 1160 ten-

139 1203 233 1296 dat,
261 1201 373 1280 tribui
393 1216 561 1308 punctis,
591 1225 655 1282 αιιι
680 1224 863 1310 quatuor,
891 1220 955 1280 aut
984 1263 997 1299 ‚
1023 1211 1058 1279 si
1070 1213 1126 1309 ,⁰¹²

143 1327 319 1417 deretur,
347 1335 453 1403 etiam
475 1333 668 1430 pluribus,
715 1355 785 1430 quo
811 1330 891 1401 loco
929 1338 1042 1423 aeger
1066 1331 1127 1403 do-

143 1461 267 1536 ceret,
296 1446 442 1523 dolorem
468 1448 590 1522 scilicet
614 1451 757 1521 maxime
794 1447 956 1539 insidere,
971 1449 1125 1524 (inurere

42 1579 48 1587 '
145 1571 311 1638 cauterio
331 1567 576 1661 commendavit
604 1565 650 1666 (ι)
667 1593 677 1637 :
705 1564 832 1655 scilicet¹
852 1593 933 1639 cum
971 1563 1076 1638 dolor·
1093 1567 1119 1637 i·

147 1680 266 1755 schiaci
291 1685 384 1757 nervi
410 1699 550 1758 tractum
575 1684 741 1783 potissime
766 1697 896 1776 teneat,
933 1709 1031 1780 super
1055 1680 1119 1754 hoc

142 1801 213 1898 ipso
239 1831 339 1878 nervo
364 1808 490 1878 censuit
524 1805 751 1878 inurendum.
779 1804 885 1904 quue
903 1802 994 1876 mihi
1031 1801 1121 1876 vide·

147 1939 200 1994 tur
226 1914 396 1999 manifeste
422 1927 592 1998 ostendere
618 1925 769 1998 Arabum
795 1928 830 1996 in
855 1924 1001 1998 curanda
1025 1900 1124 2021 posti·

147 2075 185 2119 ca
210 2047 354 2118 ischiada
379 2073 516 2119 nervosa
539 2051 728 2136 rationem,
769 2058 805 2116 ut
841 2045 997 2116 omnium
1035 2055 1123 2143 prae·

145 2165 334 2235 stantiorcm
358 2164 404 2233 ita
429 2178 679 2260 puervetustam.
708 2162 824 2262 anue
849 2187 901 2233 res
926 2186 980 2237 me
1006 2171 1120 2234 monet

149 2309 192 2353 ne
217 2296 384 2353 recentem
411 2284 480 2380 ejus
505 2284 609 2382 gentis
634 2283 732 2381 hujus
758 2281 868 2354 morbi
906 2280 1046 2362 curandi
1071 2307 1140 2372 ra*¹

146 2405 268 2476 tionem
287 2431 472 2476 memorare
488 2416 703 2502 praeterffeam
721 2403 860 2476 omuino
873 2395 1020 2499 dignam,
1039 2425 1121 2502 quae

39 2559 44 2565 Ι
147 2526 302 2637 Europae
327 2524 466 2596 Medicis
492 2526 697 2596 innotescat.
725 2523 837 2596 Potest
853 2524 955 2593 enirn
966 2539 1036 2594 esse
1062 2521 1119 2631 do-

144 2658 306 2717 cemento
328 2646 436 2741 ,ipso
460 2643 583 2716 serente
607 2644 795 2734 instinctu,
823 2642 891 2714 veri
908 2625 1033 2744 metam
1049 2665 1117 2712 sae

148 2790 189 2864 pc
216 2763 368 2837 homines
399 2766 494 2837 citius
515 2790 654 2863 ‚quam
691 2762 826 2834 rationis
858 2760 1008 2852 auxilio,
1050 2743 1120 2832 atti

155 2889 250 2983 gisae.
280 2884 422 2957 Africam
450 2884 631 2982 Asiamque
655 2882 834 2959 maximam
851 2893 976 2977 partem
995 2879 1121 2951 Arabes

152 3004 277 3075 Medici
302 3002 497 3099 pervadunt.
525 2998 654 3074 Nullibi
673 2999 874 3100 frequentior
889 2996 1005 3069 ischias
1020 2983 1121 3095 qua-nr

149 3130 182 3195 in
208 3125 351 3195 inferiori
379 3125 547 3220 Aegypto.
576 3118 716 3194 Caelum
748 3118 981 3218 uliginosum,
1008 3131 1041 3189 et
1068 3142 1121 3190 ve

153 3246 253 3312 stium
277 3234 312 3310 in
337 3239 434 3336 plebe
460 3241 614 3332 incuria,
643 3238 789 3337 nudique
812 3235 917 3309 habiti
942 3236 1057 3334 pedeS,
1077 3238 1122 3309 vi-

152 3360 271 3429 dentur
295 3358 421 3458 vulgari
439 3357 563 3430 morbo
589 3358 724 3437 caussas,
737 3341 819 3428 ,dare
836 3369 1051 3454 opportunas.
1081 3339 1124 3427 d·

154 3479 252 3550 rubes
277 3481 322 3550 sic
348 3481 536 3550 curantsA
561 3503 692 3550 summo
717 3475 820 3548 ischio
844 3475 1006 3572 originem
1032 3472 1123 3547 dolo·

84 3587 87 3593 ¹
151 3600 195 3686 ris
220 3596 433 3692 pertentando
455 3622 559 3666 manu
585 3594 628 3666 ad
652 3595 759 3696 imum
776 3594 898 3695 pedem
923 3613 1123 3693 prosequun

151 3729 237 3784 tur.
265 3716 329 3785 Per
355 3715 462 3788 fomur
488 3728 520 3784 et
548 3739 621 3786 crus
645 3716 734 3788 viam
760 3741 862 3814 quam
895 3725 985 3785 tenet
1011 3712 1123 3786 obser-

555 3891 755 3908 ..ιιι-ι*

153 4015 192 4100 (i)
219 4011 321 4078 Libro
344 4014 452 4104 primo
476 4034 547 4102 cap.
576 4007 631 4091 43.
