2544 4710
541 363 562 468 t
589 364 699 468 ¹09)

146 521 882 629 mnthpoaoemuonecuari.1tau
918 546 1005 625 qnae
1040 531 1129 602 tenu

146 652 318 727 dementia
341 664 425 726 esset
448 648 715 751 pmnubsiorem
734 647 808 750 ipso
831 641 954 725 morbo
978 633 1130 720 institue-

140 795 181 849 re
204 771 445 849 ouationem?
470 769 540 844 Sed
563 770 746 842 Anatomes.
767 763 961 866 adjumento
985 762 1083 838 nobis
1096 772 1132 838 et

145 891 259 969 visum
291 889 418 981 attan,
441 903 476 964 et
498 891 674 990 expertum
709 899 789 962 est.
818 883 909 962 Nam
947 883 1153 986 perforatio'

144 1012 343 1110 vaginarum
364 1008 532 1087 smiadui
567 1011 688 1104 nervi,
725 1033 813 1108 quae
848 1020 1035 1108 superesset
1062 1031 1132 1080 una

142 1131 263 1206 efficax
283 1131 425 1207 omnino
446 1129 660 1208 confirmatae
684 1128 837 1204 ischiadis
860 1128 1052 1224 medicina,
1070 1127 1129 1200 'fa-

140 1248 200 1322 cili
224 1250 357 1348 negotio
379 1251 493 1349 perfici
517 1263 649 1350 potest.
677 1247 851 1350 Siquidem
883 1244 1126 1342 obstaculum,
1212 1273 1215 1278 ·

139 1368 240 1470 qnod
262 1371 370 1444 facee
389 1372 499 1445 solent
524 1367 669 1445 musculi
694 1395 811 1444 nervos
827 1381 1066 1468 protegentes,
1092 1365 1128 1440 in

139 1486 319 1562 nebiadico
342 1517 471 1584 nervo,
497 1491 594 1590 cujus
618 1489 755 1588 vaginae
777 1485 992 1588 perforandae
1016 1498 1125 1589 sunt,
1226 1529 1231 1540 ·

140 1605 256 1680 multis
279 1610 316 1680 in
341 1610 478 1683 sedibus
514 1609 607 1682 deest
636 1663 645 1682 .
675 1609 804 1707 Estque
837 1618 933 1678 antea
967 1602 1126 1679 consultu

141 1723 404 1809 demonstratum
429 1725 555 1826 (xxix)
580 1726 755 1826 praecipue
778 1722 821 1795 ad
845 1722 969 1796 fibulae
991 1737 1122 1820 caput,

143 1841 194 1917 ad
214 1844 321 1917 imam
344 1844 494 1938 tibiam,
518 1844 629 1945 adque
652 1842 790 1916 dorsum
826 1841 940 1940 pedis,
967 1845 1072 1941 ipsam
1095 1844 1125 1914 i-

139 1959 304 2034 schiadici
322 1963 417 2037 nervi
441 1976 570 2063 partem
594 1966 629 2036 in
643 1963 767 2062 postica
782 1960 992 2036 laborantem
1007 1959 1129 2037 ischia·

139 2079 185 2155 (1⁰
209 2105 377 2176 navusa,
404 2083 632 2159 musculorum
657 2081 814 2158 aocnbitu
838 2082 990 2182 privari,
1015 2111 1055 2156 uc
1078 2095 1130 2156 te-
1251 2103 1255 2111 ·

138 2201 309 2299 merus
335 2202 432 2276 unice
454 2215 605 2300 opertam
630 2227 729 2306 esse.
757 2201 819 2274 His
850 2202 950 2301 igitur
975 2203 1121 2279 insedi.
1250 2233 1254 2240 -

142 2317 242 2413 bnt,
268 2309 423 2394 musculis
447 2320 605 2414 intactis,
631 2334 707 2394 cute
723 2323 821 2393 unice
837 2314 1039 2421 penetratu,
1068 2348 1128 2396 va·

144 2438 246 2535 ginue
268 2437 400 2513 ischiaci
424 2443 518 2514 nervi
540 2438 705 2536 perforari
728 2436 823 2513 facile
837 2453 994 2537 possent.
1022 2439 1126 2532 Quod

147 2571 188 2631 nt
210 2559 361 2657 primum
385 2558 554 2657 cogitavi,
581 2556 681 2630 altem
705 2581 767 2629 nec
791 2553 873 2628 levis
897 2570 973 2628 nata
988 2536 1127 2636 mecum

144 2693 197 2765 ,est
219 2678 400 2780 quaestio:
426 2707 493 2780 qua
515 2677 637 2752 scilicet
660 2679 815 2771 ratione,
840 2674 904 2750 illis
928 2679 963 2751 in
988 2676 1130 2751 sedibus

145 2799 384 2894 sibmtaneis,
411 2799 576 2873 ischiadici
600 2800 695 2872 nervi
718 2811 790 2871 tuto
813 2805 946 2896 possent
978 2801 1120 2898 vaginae

147 2919 338 3018 peiorari.
366 2918 456 2992 Num
480 2918 506 2991 si
530 2918 682 3015 punctim
705 2918 874 3016 impetus,
915 2931 1024 2991 metus
1048 2931 1123 3014 est,

146 3063 190 3112 ne
215 3037 356 3137 trajicies
379 3064 459 3110 cum
483 3037 607 3135 vaginis
623 3033 790 3108 filameuta
804 3061 955 3130 nervosa,
975 3050 1009 3109 et
1022 3022 1129 3140 'quam
1223 3017 1226 3020 ⁴

146 3168 254 3230 tentes
277 3154 390 3227 dolore
412 3154 581 3249 liberare,
608 3152 825 3230 convulsione
850 3156 1018 3254 excitata,
1050 3185 1127 3258 pur-

148 3291 219 3352 tem
244 3277 389 3375 corporis
412 3276 529 3375 perdiu
551 3302 561 3364 3
589 3276 617 3349 si
640 3277 788 3372 caesim,
815 3291 923 3352 metus
944 3266 1129 3354 idem'fere

146 3412 198 3483 est
218 3452 228 3470 .
252 3397 429 3484 ⁸Praeterea
454 3396 561 3471 lentus
584 3397 708 3472 humor
732 3411 781 3474 est
800 3454 811 3497 ,
836 3401 897 3503 qui
919 3399 1052 3500 vaginas
1074 3402 1126 3477 in-

136 3521 276 3625 ,serut,
302 3534 341 3595 ut
364 3524 392 3594 si
417 3519 498 3598 velis
533 3521 703 3620 educere,
730 3549 800 3600 nun
828 3524 1022 3624 aperiendae
1052 3541 1128 3605 tan-
1235 3538 1237 3544 '

148 3655 225 3716 tum
248 3642 314 3715 sint
339 3645 503 3742 vaginae,
530 3628 590 3717 sed
612 3642 655 3716 ad
679 3641 793 3720 sedem
817 3639 963 3744 apertam
1002 3674 1125 3726 uocau-

146 3762 212 3855 dus
237 3761 325 3837 ultro
349 3762 493 3839 inclusus
516 3763 644 3839 humor
672 3765 743 3862 sit,
769 3779 868 3869 utque
902 3769 1042 3845 omuino
1066 3795 1147 3853 ve-.

150 3881 212 3958 tuti
235 3882 474 3962 attrahendus.
502 3883 598 3979 Quae
625 3885 753 3986 saepiu
787 3886 944 3965 meditata
978 3887 1063 3965 mihi
1088 3890 1124 3966 in
