2544 4710
567 431 583 531 (
594 429 698 531 58)

139 608 182 654 ne
206 584 420 682 prehenditur
439 589 561 687 grandi
574 646 586 683 ‚
601 605 634 663 et
650 580 844 689 multiplici:
873 615 1008 664 acervus
1033 590 1125 689 glau-

76 740 80 745 ·
137 704 293 780 dularum
306 694 526 807 ingrunalium·
535 714 718 785 enormiter
732 714 937 796 intumuerat
956 765 963 783 .
984 710 1126 784 Chirur-

39 829 42 834 ’
142 851 204 924 gns
226 828 406 906 conditioni
430 831 575 908 hominis
597 834 835 934 potiusquam
857 835 906 906 rei
919 834 1124 925 inserviens,

141 949 285 1024 caustico
309 951 345 1025 iu
368 965 481 1028 neutro
506 956 638 1052 aperit,
665 969 699 1028 et
722 955 808 1028 intra
831 979 953 1051 paucos
978 954 1049 1026 dies
1074 955 1125 1027 ci-

143 1070 266 1144 catrice
289 1071 456 1148 obducit:
483 1103 545 1148 nec
569 1090 712 1177 quatuor
735 1077 875 1175 insigues
892 1074 1062 1174 glandulas
1088 1102 1127 1149 ea

144 1193 254 1291 gregie
278 1205 442 1269 tumentes
466 1194 531 1269 sub
556 1197 704 1270 cicatrice
729 1197 870 1298 relinqui
892 1194 953 1269 vel>
971 1196 1127 1290 advertit,

145 1311 199 1386 vel
223 1327 335 1386 curat.
353 1315 462 1413 Aeger
485 1319 656 1390 curatione
666 1317 779 1391 insane
794 1315 897 1389 laetus
921 1315 1045 1389 muniis
1060 1317 1132 1395 suis

145 1429 311 1521 obeundis
345 1437 553 1534 accingitur:
581 1437 640 1510 sed
671 1462 791 1511 coxam
832 1437 1000 1534 paullatim
1035 1439 1132 1511 sentit

148 1551 271 1652 duplici
294 1555 438 1632 ischiueo
465 1557 580 1634 dolore
605 1557 801 1657 prehensam
821 1615 837 1662 2
859 1559 991 1652 antico,
1014 1573 1047 1632 et
1071 1585 1134 1659 po-

148 1674 258 1768 stico,
286 1677 344 1754 sed
367 1682 500 1777 postico.
521 1681 656 1778 magis.
685 1680 802 1780 Itaque
826 1678 912 1754 lecto
937 1679 1044 1777 affigi,
1059 1707 1134 1755 crus

149 1811 324 1871 curvatum
342 1813 451 1873 tenere
465 1801 611 1899 cogitur,
626 1799 694 1872 dies
708 1813 886 1901 noctesque
900 1855 911 1894 ,
938 1825 1016 1897 prae
1044 1825 1150 1881 neers

149 1915 254 1993 bitate
278 1917 461 2014 dolorum,
489 1921 655 1996 cruciari.
685 1919 796 1992 Poscit
822 1943 950 2016 opem:
978 1917 1148 1997 frictioni-⁴

125 2037 215 2112 ·bus
239 2040 494 2116 mercurialibus
519 2043 708 2130 addicitur;
736 2040 824 2133 sed,
853 2055 943 2113 tanta
969 2041 1138 2114 curatione

151 2174 310 2258 peracta,
336 2161 474 2236 morbus
487 2161 613 2254 idem,
642 2173 698 2233 aut
722 2161 836 2258 potius
859 2161 1016 2232 saevior.
1045 2159 1135 2251 Con-

152 2281 266 2365 silium
292 2282 456 2356 advocat:
484 2311 545 2383 ego
569 2285 693 2382 inguen
717 2295 793 2355 ante
818 2285 930 2356 omnia
967 2281 1133 2388 erploro‚

152 2403 386 2479 observaturus
411 2406 582 2508 sedemin
608 2432 675 2505 qua
705 2405 800 2480 radix
840 2402 1024 2496 dolorum,
1053 2429 1138 2508 quos

153 2526 409 2628 hydrargyrosis
426 2555 494 2606 non
518 2528 690 2600 extinxerit
710 2583 720 2619 ‚
748 2527 877 2622 saepius
891 2523 1004 2597 lateret
1022 2550 1033 2613 3
1052 2523 1139 2598 sciti-

79 2685 82 2691 ·
155 2658 210 2718 cet
232 2643 403 2743 glandulae
428 2647 538 2721 adhue
562 2672 688 2720 veneno
713 2658 896 2743 turgenteS‚
923 2648 1019 2744 cujus
1034 2657 1142 2716 atmo-

157 2762 296 2862 sphaera
320 2779 353 2837 et
378 2794 496 2865 corpus
520 2767 712 2839 universum
736 2765 838 2840 soleat
850 2765 1012 2860 affligere,
1041 2779 1073 2836 et
1091 2789 1144 2838 se·

125 2941 129 2951 .
159 2885 217 2956 des
241 2888 365 2963 vicinas
388 2887 617 2960 vehementius
640 2912 786 2969 rexere.
813 2883 956 2957 Cicutrix
981 2884 1050 2979 jarn
1074 2884 1142 2979 pm

156 3029 216 3077 mo
241 3006 359 3079 vitium
385 3004 488 3081 latens
513 3006 675 3081 docebat}
697 3009 736 3078 in
753 3005 864 3078 medio
875 3000 1061 3103 profunda,
1076 3002 1141 3072 cir-

130 3225 133 3228 Ι
157 3116 236 3196 cum
263 3126 422 3223 turgida,
449 3141 481 3199 et
505 3125 569 3199 late
592 3151 737 3224 rugosa.
759 3125 854 3196 ¹Eam
879 3121 1067 3217 comprimo
1087 3133 1145 3212 ‚et

158 3249 402 3346 suppositarum
427 3248 530 3327 sentio
545 3245 776 3346 glandularum
793 3259 938 3328 tumores
955 3297 965 3334 ,
994 3265 1143 3339 magnos,

160 3367 294 3460 duros,
322 3367 470 3440 dolentes
496 3422 504 3439 .
534 3367 747 3458 Pronuntio‚
775 3366 835 3436 nisi
874 3360 1045 3460 glandulae
1070 3387 1148 3458 ape-

158 3491 284 3563 riantur
309 3491 412 3588 ignito
437 3493 551 3584 ferro,
580 3502 613 3560 et
637 3489 871 3588 suppuratione
910 3485 1144 3573 destruantur,

158 3614 281 3724 quavis
306 3639 386 3712 ope
412 3612 541 3687 dolores
570 3611 719 3684 minime
753 3609 882 3681 finitum
907 3608 946 3679 iri
966 3647 984 3677 .·
1020 3603 1147 3676 Horret

154 3763 254 3835 aeger
279 3737 439 3813 auxilium
464 3765 474 3826 ;
501 3738 570 3835 ipso
595 3736 680 3807 insto
707 3731 811 3806 multa
832 3755 1019 3803 memorans
1034 3752 1149 3825 exem·

156 3858 211 3957 pla
235 3853 361 3958 quihus
400 3853 483 3929 milri
509 3866 716 3952 compertum
747 3849 916 3928 evidenter
941 3858 1053 3937 esset,
1081 3843 1142 3914 do-

155 3986 240 4061 lores
266 4006 304 4054 uu
330 4003 445 4055 caussa
471 3989 564 4054 notes
590 3976 652 4053 nisi
677 4001 717 4074 eo
748 3970 869 4052 auritio
908 3968 1047 4044 minime
1073 3993 1150 4041 era-
