2544 4710
540 347 701 454 (dliii
734 461 736 467 Α

138 497 270 590 currere
285 517 297 583 '.
328 511 432 584 Tinea
459 512 570 610 capitis
586 522 752 606 correptos
768 504 1123 604 variolosos‘vidi-plu-

139 663 220 729 res,
247 649 350 733 aeque
376 643 448 704 ante
470 616 490 724 ,⁶
520 658 558 702 ac
582 642 669 728 post.
688 622 860 700 varioles.
901 626 1122 717 Manentibus

140 750 279 851 pustulis
304 749 432 823 foedata
467 747 601 848 puella,
639 749 737 847 quam'
776 742 898 820 cortice
937 747 1121 844 peruviano

140 897 219 943 cum
244 868 393 966 aethiope
413 869 559 960 curavi,
588 863 812 958 durantibus,
838 867 1043 965 emensisque
1067 889 1126 944 va-

139 989 260 1081 riolis,
288 986 504 1088 pustulescens
528 967 706 1061 diutissime
731 986 972 1080 perseveravit:
999 982 1133 1056 scabie·

143 1135 198 1186 sus
217 1135 305 1207 puer
329 1105 445 1201 uuus,
473 1121 505 1178 et
530 1105 610 1178 alter
626 1160 649 1198 ,Ι
674 1107 823 1198 curatis,
863 1125 944 1203 quas
979 1107 1141 1191 incuria-¹

142 1242 215 1301 rant
237 1285 246 1321 ,
273 1227 433 1319 variolis,
461 1224 597 1304 scabiosi
621 1227 740 1322 pariter
762 1237 988 1298 remanserunt
1010 1215 1028 1296 :¹
1049 1225 1128 1298 ado-

144 1334 269 1420 lescens
293 1347 482 1429 tricenarius
523 1342 724 1442 gonorrhaea
761 1328 895 1415 affectus
934 1340 1152 1434 virulenta„

142 1469 245 1567 passis
270 1463 428 1560 variolis,
456 1458 698 1563 gonorrhaeam
728 1463 892 1548 retinuit.
921 1461 1017 1537 Adeo
1043 1461 1152 1537 nullav

146 1599 196 1657 est
221 1582 415 1656 morborum
439 1582 559 1657 diversi
583 1583 716 1680 generis-
734 1595 850 1654 mutua
875 1583 1127 1679 compensatio,

147 1717 181 1776 et
206 1693 465 1796 distinctorum,
492 1702 768 1804 diversorumque
792 1700 972 1775 effectuum
999 1726 1134 1775 caussae
1175 1719 1177 1726 '

152 1847 324 1896 occurrere
342 1820 453 1895 'simul
472 1823 508 1894 in
531 1821 648 1895 codem
666 1846 821 1921 „corpores
838 1833 974 1920 possunt
994 1875 1004 1913 ,
1041 1837 1132 1905 coma

150 1942 280 2015 misceri
306 1942 503 2033 inunum,
529 1954 563 2013 ct
588 1939 757 2014 confluere
782 1925 850 2010 non
882 1950 1050 2036 possunt.
1079 1920 1153 2033 En¹

137 2082 219 2157 'quo
244 2058 395 2154 sapientis
421 2057 546 2131 Medici
570 2071 617 2130 est
643 2082 738 2130 nosse
759 2056 943 2132 effectuum
961 2083 1037 2145 guno
1054 2069 1139 2129 tems
1177 2079 1181 2088 ’

153 2202 234 2275 pore
260 2177 431 2250 hominem
454 2179 646 2250 vexantium
664 2179 729 2278 qui
753 2177 797 2250 ad
835 2204 968 2269 uuam,
1008 2177 1072 2276 qui
1094 2174 1137 2246 ad

154 2297 291 2368 alteram
316 2288 466 2368 caussam
489 2295 700 2391 referantur,
726 2321 769 2368 ne
783 2336 787 2346 ·
801 2292 1013 2399 complexum
1050 2293 1139 2365 morss

160 2405 246 2489 bum
268 2443 334 2516 pro
358 2416 497 2515 simplici
534 2415 653 2489 morbo
693 2418 857 2516 accipiat,
884 2406 917 2499 et
952 2418 986 2488 in
1021 2417 1160 2515 potiori,

157 2535 288 2610 morbo
307 2535 473 2626 sollicitius
497 2536 702 2635 pereurando
726 2537 859 2609 deerit.
887 2535 1005 2637 Itaque
1036 2535 1140 2623 venio·
1167 2594 1171 2599 .

157 2649 219 2725 losi
243 2651 527 2758 inflammatorum
543 2657 705 2737 viscerum
721 2657 884 2728 consortio
900 2655 1137 2753 periclitantur,

156 2768 232 2847 non
251 2775 329 2873 quia
367 2800 519 2851 excursus
545 2777 588 2850 nd
625 2789 736 2851 cutem
773 2775 951 2850 variolosae
978 2780 1142 2850 materiae

158 2892 242 2985 ideo
263 2894 440 2994 impeditur
459 2953 470 2990 ‚
486 2891 574 2970 ‘nam
598 2898 766 2968 interiores
783 2909 919 2970 coortae
957 2896 1144 2971 inflamma·

163 3010 271 3082 tiones
297 3038 363 3084 non
388 3040 528 3085 numero
552 3013 678 3085 obesse·
692 3013 854 3110 vidimus,
871 3039 999 3111 semper
1015 3000 1150 3115 tantum,
1170 3088 1172 3095 Α

84 3192 88 3200 .
165 3132 334 3202 nutritioni
355 3187 365 3224 ,
393 3145 432 3202 et.
450 3134 662 3205 incremento
676 3135 889 3230 incepturum,
907 3133 1116 3231 pustularum
1130 3163 1143 3225 *3
1175 3207 1178 3215 ,

115 3300 118 3305 -
164 3247 223 3321 sed
247 3251 326 3348 quia
352 3248 483 3323 duobus
506 3250 657 3323 hostibus
671 3245 707 3322 in
724 3248 922 3344 contrarium
945 3252 1146 3328 trahentibus
1176 3230 1179 3235 Ι

166 3392 237 3439 uno
258 3379 417 3464 tempore
432 3394 592 3466 aggressa
616 3366 753 3439 Natura,
768 3367 851 3441 solas
877 3356 1067 3442 succurrere
1092 3398 1146 3445 va,

165 3484 264 3558 'riolas
279 3513 349 3584 pro
374 3514 415 3560 eo
439 3516 478 3562 ac
504 3501 651 3586 oporteat
676 3513 742 3560 non
768 3491 894 3586 possit3
921 3489 1015 3590 quod
1048 3492 1147 3576 hostis

168 3604 250 3677 alter
275 3605 437 3700 interior,
466 3609 540 3680 situ·
554 3608 656 3679 etiam
680 3605 764 3679 forte
798 3610 936 3704 potior,
979 3612 1148 3684 materiam

166 3728 390 3810 ⁴necessariam
424 3726 626 3824 complendis
668 3726 804 3825 pustulis
845 3728 1082 3823 umidarum,
1119 3741 1151 3801 et

176 3847 453 3945 tumefaciendis,
481 3847 585 3920 trahat
610 3847 652 3920 ad
678 3874 745 3925 sese
766 3862 836 3945 ,et
853 3852 1026 3926 contineat.
1057 3848 1147 3925 Mul·
