2544 4710
563 372 581 472 (
612 373 721 476 ¹7¹)

172 529 274 642 Quo
304 529 434 618 modo
465 552 600 646 aperte
631 534 832 639 nituntur,
849 554 896 616 ut
925 530 1141 646 paullatim

164 672 218 757 ab
248 672 327 756 hac
357 669 542 757 rationali
565 672 712 773 sermm
730 695 770 754 et
803 671 1053 785 philosopho
1070 669 1138 757 di-

164 840 274 922 gna,
306 809 358 894 ad
387 809 507 894 illam
532 799 862 915 circulatoriam,
894 831 936 894 et
955 812 1140 925 empiri-

164 976 255 1032 cam
285 949 505 1034 vanitatem
537 946 717 1034 declinet
748 951 897 1031 iterum
915 977 1139 1065 amquam

165 1104 408 1198 tantopere,
439 1109 487 1170 ut
518 1119 539 1170 a
573 1089 820 1189 commentis
852 1107 1135 1199 repurgarent,

165 1226 290 1311 etad
304 1228 491 1311 scientiae
505 1223 742 1339 dignitatem
760 1228 999 1332 eveherent,
1022 1256 1137 1338 prae·

164 1367 403 1451 stantissimi
455 1366 543 1454 Viri
563 1434 565 1439 .
586 1363 895 1452 allaborarent.
942 1360 1136 1451 Credunt

164 1506 271 1589 enirn
302 1505 360 1588 illi
376 1503 864 1617 pessimiobtrectatores
897 1503 1009 1615 (nisi
1030 1502 1138 1590 sorte
1257 1555 1261 1564 ·

139 1675 212 1759 ‘eo
242 1639 443 1756 loquendi
460 1638 587 1726 modo
617 1643 862 1754 ignorationi«
888 1672 985 1727 snae
1000 1673 1137 1729 rerum

160 1779 555 1892 pulcherrimarum,
572 1810 679 1894 quae
710 1810 794 1862 rem
815 1778 1022 1865 medicam
1053 1813 1136 1866 oo·

158 1918 364 2024 bilitant,
411 1947 578 2035 pravam
610 1903 907 2005 excusationem
941 1941 1134 2004 antever-

162 2083 260 2145 tunt
290 2062 309 2172 )
343 2090 437 2144 curn
470 2058 618 2155 medici
649 2089 784 2172 prope
815 2057 867 2145 ad
900 2059 1139 2168 culmen‚et

163 2207 318 2285 utinam
351 2198 429 2286 ita!
447 2200 827 2315 ‘physiologicarum
848 2199 1136 2310 cognitionum

163 2341 692 2456 perveneriot5nectamen
725 2335 862 2421 adhuc
891 2368 1030 2449 parem
1044 2361 1136 2423 me*

164 2474 290 2560 dendi
318 2472 548 2558 felicitatem
581 2479 664 2560 sint
693 2472 862 2591 adepti,
895 2488 1060 2587 arguere
1089 2505 1136 2561 se

162 2646 281 2730 posse
312 2615 429 2727 quasi
459 2612 664 2719 inutilem,
680 2634 722 2696 et
752 2611 980 2700 amedendi
1014 2615 1139 2709 rectis

163 2756 255 2840 aliis
300 2748 581 2836 fundamentis
633 2752 968 2862 abstrahentem,
1013 2754 1134 2837 istam

161 2920 327 2976 omnem
373 2911 507 2975 rerum
541 2885 720 2972 Naturae
763 2867 1132 3001 investigationem.
1174 2886 1176 2893 ⁴

161 3029 293 3138 Quasi
334 3034 429 3114 artis
474 3030 721 3142 praestantia
751 3027 837 3112 sola
892 3031 1133 3114 morborum

162 3173 374 3256 curatione
406 3165 665 3252 dimetienda
690 3168 768 3251 sit:
787 3189 827 3249 et
858 3169 1028 3250 omnino
1060 3197 1134 3251 ηε,

135 3337 274 3395 -cesse
304 3312 465 3425 sit‚qui
499 3307 593 3425 plus
624 3308 805 3391 hominis
836 3328 1023 3391 naturam
1053 3338 1133 3398 no-

159 3450 298 3557 terit,
346 3469 446 3531 cum
473 3476 557 3531 non
590 3467 673 3529 tam
706 3445 884 3552 melius,
933 3465 972 3528 et
1003 3448 1135 3532 tutius

159 3584 359 3671 curabiles
391 3583 713 3699 morbos‚quam
744 3582 837 3696 plus
869 3583 1137 3693 morborum,
1251 3635 1263 3678 η

146 3725 281 3810 etiam
311 3723 619 3830 incurabilium,
637 3752 755 3835 posse
786 3751 959 3818 curare.
992 3720 1129 3804 Nimi-

157 3894 247 3949 rum
280 3862 516 3952 stultissime
546 3883 726 3977 sperant,
741 3859 860 3978 qood
880 3863 1127 3974 -ipsarerurn
1187 3868 1190 3881 ’
