2544 4710
465 440 468 444 ‘
563 426 679 530 (188
705 426 729 533 )

167 582 417 682 respirationis,
446 584 543 657 morti
567 609 601 658 se
625 588 813 682 pmximum
838 584 902 659 linc
926 581 980 660 dle
1008 583 1138 686 praedi·

166 698 261 772 cahat
285 755 306 772 .,
321 699 559 785 Collutiouibus
583 711 694 779 tamen
726 704 945 780 mustcndum·
972 731 1049 789 esse
1066 710 1137 806 jus·

69 899 73 908 p
104 831 107 837 '
164 821 295 915 simus,
318 823 482 923 sanguinis
505 827 616 898 uncias
631 826 803 930 quinque,
830 824 1047 902 cucurbitulis
1069 827 1135 919 sub

126 975 127 980 ¹
163 959 259 1014 aures
281 939 300 1042 (
322 942 495 1048 quivlocus
518 957 566 1018 est
590 974 624 1025 εγ
646 959 695 1021 ιιι
710 938 900 1041 τραχηλω,
926 972 1041 1047 quem·
1063 947 1135 1024 lau*

158 1059 253 1134 davit
268 1061 521 1159 Hierocaares,
546 1056 575 1138 si
590 1068 818 1140 intumesceret
833 1067 867 1139 in
884 1069 1047 1165 nnglnosis
1062 1063 1133 1170 (e),
1164 1139 1174 1160 „

161 1195 196 1254 et
218 1205 348 1282 quem,
375 1183 414 1258 ut
435 1198 535 1284 putu,
561 1197 649 1259 recte
666 1188 846 1259 Aseraeus
861 1183 929 1290 (s)
942 1187 1134 1286 interpreta-

161 1315 213 1375 tus
236 1316 285 1374 est
301 1309 431 1404 juxta
454 1302 668 1404 maxillas)
693 1305 877 1382 santificatis
909 1306 1011 1404 elici,
1051 1307 1133 1384 nihil

159 1435 287 1497 mutato
310 1423 437 1526 reliquo
459 1427 648 1523 regimine.
729 1476 731 1480 ι
770 1467 774 1471 ’

226 1543 343 1618 XII
371 1543 510 1621 Decimo
546 1548 642 1620 tertio
666 1545 721 1620 die
756 1551 943 1648 suppuratio
976 1549 1073 1624 fuit
1062 1528 1131 1651 pam

157 1602 344 1738 universalis
359 1691 505 1767 ‚neque
528 1663 659 1765 pustula
684 1664 787 1740 cruda
802 1692 968 1767 superesse
983 1667 1130 1745 ullauisa

155 1799 230 1858 est:
257 1784 350 1860 faciei
374 1785 520 1887 pustulae
557 1788 731 1886 pleraeque
765 1802 894 1885 apertae
918 1815 988 1887 pus
1018 1817 1133 1870 mana«

95 1989 97 1992 y
154 1902 265 1996 bant,
293 1930 371 1977 cum
396 1929 414 1975 e
438 1904 561 2001 postica
584 1904 661 1977 sede
675 1903 808 1978 femoris
823 1907 963 1999 sinistri,
977 1932 1127 2007 mquam

153 2047 250 2118 aeger
274 2019 517 2128 decumbebat,
543 2008 697 2095 latissima
721 2022 880 2102 cuticulae
902 2025 1012 2121 portio
1035 2026 1126 2100 exci-

152 2120 225 2233 dit,
243 2166 328 2240 quae
342 2122 467 2240 integra
479 2077 526 2216 ob
541 2139 746 2240 pustularum
764 2157 1017 2241 suppuratarutn
1033 2172 1126 2222 eom-

152 2262 338 2336 mistionem
363 2287 383 2332 a
407 2274 484 2336 cute
508 2276 707 2336 secesserat.
735 2262 789 2335 Ad
814 2290 916 2363 quam
940 2265 1055 2343 sedem
1080 2267 1124 2340 al·

150 2377 235 2451 bum
253 2377 302 2450 ‘dc
328 2404 457 2456 cerussa
483 2394 717 2479 unguentum,
744 2407 813 2482 quo
838 2381 997 2457 nudatam
1012 2399 1121 2458 cutem

151 2512 339 2594 tueremur,
366 2501 521 2600 applicari
556 2503 738 2600 jussimus.
765 2502 942 2578 Caeterum
973 2509 1122 2581 concocti

151 2617 280 2716 glutinis
304 2635 445 2694 screatus
470 2646 546 2694 cum
571 2620 649 2693 tussi
671 2621 856 2717 processit,
882 2634 915 2693 et
939 2620 1137 2720 —deglutitio'

152 2736 333 2812 admodum
359 2738 509 2837 expedita
532 2739 601 2813 visa
625 2752 698 2835 est,
726 2752 763 2813 ut
775 2765 895 2839 aquam
919 2723 1022 2841 aeger¹
1040 2741 1120 2815 libe·

146 2882 183 2940 re
205 2860 346 2956 potuerit
370 2861 542 2956 recipere.
1083 2910 1085 2912 ψ

212 2976 349 3050 ’·ΧΙΙΙ-.
376 2963 516 3054 Decimo
540 2978 674 3051 tandem
698 2990 814 3079 quarto
824 2975 879 3050 die
891 2977 975 3051 inter
1006 2993 1119 3077 pustu-

144 3099 192 3174 las
217 3114 347 3172 artuum
372 3112 562 3198 suppuratus
586 3113 714 3172 tantum
740 3101 975 3173 commercium
998 3103 1118 3198 passim

144 3221 294 3310 exstitit,
321 3230 359 3289 ut
382 3216 493 3291 multis
518 3219 551 3291 in
576 3215 820 3308 lociscuticnla
845 3217 1046 3316 amplissime
1070 3245 1121 3292 se.

67 3438 69 3442 ι
146 3342 276 3415 cesserit
302 3365 320 3410 a
347 3351 443 3433 cute,
472 3364 670 3439 saccumque
694 3336 905 3437 purulentum
930 3362 1117 3437 repraesen-

143 3460 242 3530 tarit.
270 3457 316 3530 Hi
341 3469 450 3531 autem
475 3457 589 3549 sacci,
618 3482 694 3530 cum
721 3481 764 3527 se
777 3482 838 3555 per
868 3454 995 3531 lectum
1018 3445 1121 3556 aeger

140 3577 285 3654 volveret
305 3581 314 3674 ,'
343 3581 463 3655 sensim
489 3576 621 3678 abrupti
646 3604 708 3676 pus
733 3575 958 3650 emittebant:
983 3588 1055 3680 qno
1078 3605 1113 3654 e·

139 3814 596 3905 (c)Aplorrsmu'1xxxvn.
664 3815 746 3905 sign
758 3813 856 3906 Cap
881 3837 938 3884 ιιι
983 3856 988 3862 -
1033 3783 1036 3791 ¹

139 3923 189 4014 (s)
209 3922 258 3996 De
281 3920 378 3989 aeut
404 3913 558 4040 Censet
