2544 4710
543 391 703 501 (333)

138 573 177 635 et
200 556 404 661 pustularum
429 559 670 632 incrementum
693 566 742 626 est
766 550 912 647 tardius,
940 564 973 625 et
997 549 1116 644 alvus,
1236 635 1239 641 Ι

142 705 229 780 qnae
269 679 305 751 iu
326 678 460 776 optimis
493 673 631 760 variolis
660 698 756 772 saepe
793 686 991 770 sponte‘sna
1031 683 1120 772 octa⁴

142 824 185 872 va
219 796 272 868 die
295 794 435 893 dejicere
459 795 572 892 incipit
614 818 748 886 crassa,
782 781 815 864 et
840 791 976 888 figurata
1006 817 1119 873 excree

99 910 101 916 ¹
143 930 255 990 menta
275 970 293 1009 „
314 931 371 990 eut
393 913 607 1017 aquosa-dat,
625 939 807 1013 nunquam
831 910 953 1005 bona,
980 925 1039 984 ant
1063 938 1121 1011 pe·

141 1041 230 1110 nitus
254 1037 417 1111 feriatur.r
439 1033 537 1117 -Nibil
550 1050 623 1110 tum
639 1048 750 1107 autem
776 1033 826 1106 bis
842 1031 1053 1121 mineralibns
1087 1059 1123 1104 a·

143 1159 225 1238 cidis
247 1159 314 1231 vidi
328 1159 508 1256 ‚potentius
539 1156 623 1230 sive.
640 1152 829 1253 languentes
860 1153 1005 1228 Naturae
1037 1152 1121 1228 vires

143 1282 295 1371 excitare,
313 1281 382 1353 sive
408 1277 618 1377 putredinem
632 1278 833 1373 restinguere
853 1329 861 1348 .
889 1272 1012 1373 Elapso
1028 1299 1124 1347 men·
1198 1275 1199 1279 ’

144 1426 179 1471 se
212 1400 362 1498 Angusto
394 1398 493 1497 hujus
517 1399 595 1479 anni
623 1398 723 1499 1769
739 1453 764 1492 ,,
787 1395 952 1480 caloribus
991 1409 1119 1492 praeter

143 1522 285 1597 modum
328 1519 579 1611 aestuantibus,
620 1517 744 1592 multos
772 1516 875 1588 habui
916 1520 950 1589 in
974 1516 1125 1590 Nosoco-
1229 1517 1238 1548 ²

144 1642 213 1711 mio
249 1639 389 1734 putridis
430 1635 577 1708 febribus
616 1648 781 1733 correptos
813 1690 823 1726 ,
865 1635 924 1734 qui
957 1685 968 1727 ,
1010 1632 1117 1731 elapso

142 1756 442 1855 quartodecimo,
470 1756 544 1826 crisi
567 1752 701 1853 quidem
726 1779 784 1850 per
809 1750 923 1832 alvum
946 1753 1022 1824 satis
1060 1750 1125 1824 bo-

150 1901 189 1944 33
217 1872 410 1971 plerumque
435 1871 660 1965 levabantur,
692 1871 750 1943 sed
787 1869 872 1942 lente
910 1871 1120 1955 uniformiter

144 1992 265 2063 febrire
290 1992 540 2090 perseverabant
562 2019 620 2090 per
644 1990 766 2065 multos
792 1992 861 2063 dies
882 2046 892 2084 ,
911 1990 1010 2090 pulsu
1042 1989 1124 2064 mol·

144 2112 198 2200 li,
225 2111 331 2206 laxo,
359 2112 465 2186 calore
492 2115 712 2210 tepentissimo
735 2169 745 2208 ,
771 2112 894 2211 pallore
918 2114 960 2192 ad
999 2113 1126 2189 subfla-

143 2256 225 2303 vum
253 2246 438 2329 vergente,
466 2245 579 2305 ventre
606 2231 694 2306 molli
710 2288 725 2324 ,,
768 2232 941 2330 depresso,
968 2259 1121 2315 murmu-

141 2366 264 2445 rante,
292 2351 400 2450 lingua
419 2352 541 2434 arida,
564 2351 666 2429 labiis
689 2356 758 2430 cuti
781 2353 1021 2436 concoloribus.
1043 2354 1124 2435 ‚Hos

145 2497 213 2542 non
239 2471 443 2566 purgationes
478 2474 641 2564 iteratae,
669 2499 736 2545 non
752 2499 916 2570 „magnae
951 2472 1122 2570 peruviani

143 2593 269 2664 corticis
294 2590 413 2682 doses,
441 2583 516 2664 non*
531 2592 731 2689 frigidissimi
746 2609 846 2692 potus
870 2597 1012 2669 exactior
1029 2620 1119 2686 3333,

141 2737 208 2783 333
233 2709 362 2783 balinea
386 2707 553 2783 levabant.
581 2710 945 2810 Perdideramcaliquot
971 2712 1122 2788 indoma-

140 2829 202 2900 bili
225 2830 389 2913 confectos
414 2827 556 2925 sepultae
581 2829 729 2906 intimius
765 2856 850 2909 curn,
878 2831 1035 2931 sauguine
1060 2858 1122 2928 pu·
1229 2867 1236 2878 ·

143 2947 253 3030 tridae
271 2945 356 3020 illius
379 2973 485 3020 aurae-
501 2948 662 3044 ingeuin,
690 2948 858 3028 machinas
876 2948 951 3030 tabe
968 2952 1121 3024 ocissima

139 3067 369 3139 destruentis.
407 3065 506 3138 Sacra
529 3065 669 3139 demum
710 3068 771 3155 fuit
795 3057 961 3150 ,anchora
988 3067 1121 3164 spiritns

138 3182 305 3281 sulphuris
329 3209 438 3268 3333,
465 3187 559 3282 cujus
583 3183 709 3281 guttula
734 3186 867 3284 singulis
881 3185 972 3270 boris
995 3186 1120 3286 cyatho
1204 3250 1207 3260 .

141 3301 357 3378 instillabatur
382 3303 583 3377 decoctionis
597 3284 733 3401 frigidae
751 3303 991 3393 chamaemali3
1008 3319 1043 3377 et
1058 3319 1123 3378 tres

138 3439 330 3524 ¹quatuorve
354 3421 435 3496 aliae
459 3423 511 3498 bis
537 3429 572 3499 in
597 3425 651 3497 die
676 3423 801 3525 aliquot
825 3425 943 3524 jusculi
973 3425 1120 3524 Ι33113331

144 3541 331 3617 dilutissimi
357 3543 474 3615 unciis.
514 3543 566 3616 Ita
588 3558 674 3644 quot
701 3543 761 3632 alii
779 3546 819 3627 iu
839 3544 982 3622 eundem
1007 3572 1122 3623 casum

144 3661 356 3756 inciderunt,
383 3660 477 3734 brevi
501 3678 612 3761 postea
635 3679 722 3744 sunt,
737 3679 909 3765 tamquam
930 3665 1042 3741 divina
1059 3695 1122 3766 ope

143 3782 286 3863 servati.
313 3775 380 3868 Sed
404 3784 439 3856 in
464 3783 628 3865 variolosis
644 3786 949 3884 vigiliarum-,etiam
973 3786 1121 3862 curaba-

144 3903 255 3978 benda
283 3905 434 3980 >maxima
461 3918 538 3996 est3
566 3929 652 3988 3333,
667 3909 775 3990 somni
811 3920 958 4006 tempora
980 3911 1140 4008 emptio„
