2544 4710
631 395 786 498 (328)

230 559 371 662 calorem
398 585 505 633 acrem
531 562 602 633 non'
620 557 738 632 excitat
757 611 768 649 ,
790 551 852 626 ''sed
875 554 905 626 ei
922 549 1087 647 similem,
1109 558 1212 656 quern

229 681 298 754 ridi
323 690 422 753 tactas
445 676 689 752 communicare
712 698 852 767 carnes,
897 671 1093 773 pulsumque
1127 685 1212 746 arte-

229 800 384 891 riarum,
411 824 556 888 eorum,
583 822 729 897 quorum
754 791 864 866 ulcera
900 793 934 866 in
963 796 1210 891 corruptionem

229 931 397 1018 vergunt:
425 918 484 1019 qui
508 912 672 1007 mollem,
693 911 906 987 ¹subvacuum
931 968 942 1007 ‚
968 926 1002 986 et
1023 941 1045 986 a
1071 913 1136 988 levi
1160 941 1212 988 er·

230 1040 331 1112 teriac
354 1063 503 1138 pressura
527 1031 676 1110 nonnihil
702 1034 911 1131 crepitantem
935 1032 1067 1132 pulsum
1099 1033 1208 1109 dent.

230 1161 324 1250 Quas
347 1183 398 1230 res
427 1153 653 1230 observatione
690 1149 932 1248 deprehendere
967 1163 1016 1224 est
1054 1152 1208 1245 lucilius,

229 1305 331 1379 quam
356 1273 464 1348 verbis
487 1271 669 1345 describere
689 1326 699 1342 .
727 1268 859 1341 Habent
882 1281 995 1342 tamen
1028 1270 1064 1341 in
1099 1272 1212 1343 vario·

230 1395 308 1467 losis
334 1390 487 1464 effectum
511 1389 675 1484 stabilem,
694 1392 789 1491 quisi
806 1386 1048 1463 characteribus
1069 1385 1139 1460 aliis
1162 1414 1214 1462 ae

231 1511 357 1604 cedat,
384 1534 467 1610 quos
490 1508 686 1602 retulimus,
718 1509 777 1582 etsi
802 1532 868 1579 non
891 1503 1075 1578 absolutam
1116 1506 1211 1577 certi-

228 1631 382 1704 tudinem
417 1628 588 1701 adventuri
612 1627 721 1701 morbi
764 1625 974 1718 infidissimi,
1000 1626 1132 1722 magnis
1164 1639 1211 1697 ta·

233 1778 311 1824 rnen
337 1748 518 1822 rationibus
540 1747 749 1846 probabilem
772 1747 906 1846 possunt
931 1746 1000 1843 ejus
1024 1745 1133 1818 fecere
1157 1772 1209 1818 su-

230 1865 435 1970 spicionem.

332 1989 501 2061 LXXVI.
532 1988 685 2088 Cumque
711 1986 791 2060 mihi
816 1984 1018 2060 variolosum
1036 2012 1077 2059 ex
1103 2012 1144 2058 eo
1160 2013 1213 2085 ge-

238 2134 317 2180 nere
341 2133 504 2180 vencnum
530 2105 705 2195 videatur,
732 2104 825 2205 quod
848 2104 1026 2177 admissum
1051 2104 1152 2179 semel
1177 2107 1211 2178 in

231 2224 412 2323 sanguine,
439 2221 641 2295 naturalibus
666 2221 764 2294 nullis
788 2222 848 2294 viis
867 2222 1125 2323 ,spiraculisque
1143 2250 1211 2296 cor-

183 2413 185 2422 s
229 2345 319 2442 poris
344 2341 452 2437 egredi
471 2341 604 2438 possit,
631 2353 663 2413 et
680 2339 839 2414 eliminari
860 2395 868 2434 ‚
888 2340 945 2412 sed
960 2339 1113 2415 abscessu
1131 2368 1210 2440 opus

217 2459 354 2532 ,habeat
378 2458 420 2530 ad
444 2457 514 2532 loca
538 2472 664 2532 remota
689 2472 780 2532 extre
803 2460 967 2557 sanguinis
990 2461 1059 2534 vias
1087 2517 1098 2554 ,
1127 2465 1209 2535 iutra

231 2580 376 2679 corporis
400 2591 509 2651 tamen
533 2577 677 2672 limina,
703 2604 804 2679 quem
828 2578 897 2652 sire
919 2592 1035 2676 sponte
1058 2605 1119 2653 sua
1145 2580 1207 2652 sibi

229 2713 416 2803 procuret,
443 2700 511 2771 sive
535 2697 679 2771 Naturae
714 2723 813 2796 opera
852 2698 1034 2778 sortiatur:
1074 2700 1210 2772 manile·

230 2835 319 2894 stum
343 2819 380 2890 lit
404 2818 437 2889 in
461 2829 552 2892 tanto
568 2830 762 2890 nocumento
782 2815 898 2916 ‚quod
915 2816 1010 2888 affert
1030 2872 1041 2910 ‚
1068 2820 1130 2889 nisi
1148 2832 1210 2890 sta-

230 2940 293 3014 tini
317 2937 470 3011 abscedat
494 2936 529 3013 in
553 2950 693 3032 cutem,
719 2964 820 3038 quam
845 2938 903 3010 iste
927 2940 997 3034 ejus
1030 2937 1074 3009 ad
1098 2951 1208 3010 cutem

231 3058 398 3130 abscessus
423 3060 465 3150 sit
489 3053 623 3127 sollicite
661 3054 919 3154 procurandus.
946 3054 1036 3129 Nam
1075 3056 1210 3128 omuino

230 3172 385 3250 ridiculae
409 3173 572 3270 jactationi
597 3174 729 3271 propius
752 3185 801 3244 est
816 3155 818 3159 ⁷
834 3198 927 3272 posse
951 3173 1020 3245 sine
1059 3187 1209 3248 cataneu-

230 3320 307 3369 rurn
332 3291 536 3390 pustularum
562 3289 680 3364 effectu
706 3304 761 3364 aut
792 3317 849 3390 per
872 3292 983 3365 urinae
1023 3292 1117 3376 vias,
1156 3305 1208 3364 aut

230 3440 289 3514 per
315 3412 468 3486 sudorem
487 3467 497 3505 ,
516 3410 645 3513 alvique
662 3426 896 3510 purgamenta,
915 3410 1112 3486 rariolosam
1123 3413 1209 3488 luem

188 3611 193 3622 ¹
232 3532 379 3604 elicere.
416 3530 520 3619 Quod
557 3535 613 3631 qui
637 3535 786 3630 jactant,
824 3531 1039 3608 variolarum'
1061 3549 1209 3609 naturam

231 3679 299 3726 non
325 3649 401 3723 satis
427 3650 578 3724 videntur
602 3651 819 3726 intellexisse.
855 3653 1009 3744 Quarum
1045 3681 1209 3730 venenum

233 3778 259 3847 si
282 3800 343 3872 per
369 3770 527 3869 spiracula
550 3769 635 3867 illa,
664 3786 696 3846 et
721 3776 919 3848 emunctoria
943 3778 1090 3876 corporis
1106 3789 1211 3875 posset

233 3898 322 3974 exne
342 3949 352 3990 ‚
374 3891 460 3998 quid
484 3890 657 3995 benignius
682 3892 817 3970 haberet
832 3895 982 3998 adjuncta
1001 3886 1095 3971 febre
1109 3898 1133 3969 Υ
1145 3923 1210 4001 qna
