2542 4710
558 411 692 524 tu)

136 584 192 650 tur
208 573 328 673 apiata,
347 585 512 676 quantum
522 571 585 646 sub
610 577 717 671 primo
733 568 876 644 adventu
893 568 1037 643 fluorem
1056 569 1118 643 im

9 760 14 770 .
136 697 307 787 minuunt,
335 707 476 786 tantum,
503 689 562 764 ubi
585 694 653 789 opii
677 693 762 764 vires
777 689 972 764 evanuerint
982 731 1004 778 -τ
1015 687 1118 761 vehe-

58 874 69 897 ,
138 816 282 888 mentius
305 812 368 889 alvi
395 814 505 887 fluxus
528 810 755 907 recrudescit,
781 825 813 883 et
837 809 922 881 redit
941 807 1119 885 uberius?

240 933 377 1006 XLIII.
407 933 502 1006 Hanc
527 933 594 1030 opii
619 931 809 1006 facultatem
833 929 1004 1028 augendae
1027 951 1121 1026 prae-

137 1067 194 1127 ter
220 1051 358 1127 modum
383 1052 497 1147 copiae
522 1049 627 1144 bitis,
654 1051 736 1123 mihi
761 1053 969 1125 inanimum
1000 1047 1121 1123 confir

143 1185 276 1272 marupt
300 1167 493 1244 animalium
518 1172 595 1269 opio
632 1184 825 1243 necatorum
859 1147 1049 1244 sectienes:
1087 1169 1122 1241 iu

137 1291 266 1390 quibus
291 1316 420 1388 semper
443 1290 511 1361 vidi
543 1289 744 1363 uberrimam
776 1290 851 1364 bilis
874 1292 1006 1388 copiam
1042 1289 1122 1361 inte·

144 1414 230 1501 stina
254 1411 456 1510 replevisse.
486 1411 589 1502 Quod
615 1424 689 1487 utut
712 1414 779 1511 jam
804 1410 881 1484 alibi
904 1411 1052 1501 intentus
1065 1407 1122 1482 ad·

143 1534 311 1604 notaverit
347 1534 452 1605 etiam·
471 1531 658 1625 Kttvrus,
697 1533 755 1630 qui
778 1532 815 1602 in
848 1528 1009 1603 duodeno
1036 1531 1123 1602 cenis

149 1655 228 1750 opio
251 1654 349 1750 sopiti
374 1656 522 1726 nrultum
550 1653 627 1726 bilis
651 1653 804 1745 invenit,
832 1648 915 1724 dum
938 1648 1038 1722 simul
1061 1647 1124 1723 hile

149 1788 339 1870 tergerent
363 1788 401 1844 et
439 1778 553 1846 uesica
577 1772 709 1876 fellis,
736 1787 785 1844 et.
803 1771 931 1843 duetus
970 1769 1125 1844 chelido-

144 1913 213 1976 ens
241 1888 329 1988 (d),
358 1890 514 1986 singulari
539 1888 644 1988 placet
669 1890 768 1962 etiam
793 1890 829 1961 in
853 1889 966 1962 avium
1006 1912 1122 1985 genere

148 2013 381 2108 experimento
405 2011 631 2096 confirmare:
659 2009 751 2111 quod
791 2008 892 2082 alium
917 2009 952 2080 iu
992 2009 1123 2101 finem,

151 2144 230 2201 ante
254 2128 316 2200 ltus
339 2132 449 2226 primo
475 2144 629 2203 exactum
645 2132 791 2231 quinque
806 2153 909 2202 annus
923 2183 933 2221 ,
948 2129 1056 2227 nuper
1071 2153 1124 2203 eo·

148 2246 226 2319 dem
249 2249 341 2322 exitu
358 2250 588 2348 instituimus.
617 2247 805 2348 Septembri
829 2257 942 2325 inense
957 2248 1125 2347 pinguien-

147 2394 224 2455 rnae
249 2367 433 2442 cothurniei
458 2369 575 2443 bolum
600 2370 790 2467 ingessimus
815 2369 880 2466 opii
905 2369 1031 2465 cnidip
1046 2396 1124 2470 pou·

147 2489 211 2561 dus
234 2504 432 2590 aequantem
458 2519 636 2590 granorum
662 2490 838 2563 duodecim
856 2488 998 2562 ..Utin
1009 2489 1123 2564 hoium

148 2612 393 2709 compingerem
424 2668 435 2707 ‚
463 2591 584 2713 aquam
620 2611 762 2704 addidi,
789 2638 889 2711 quam
924 2611 1124 2686 dimisit-er

146 2745 241 2830 parte
267 2733 354 2808 ssavo
380 2734 538 2806 tinctam.
567 2733 699 2831 Ingesto
722 2734 789 2831 opii
814 2732 922 2824 bota,
938 2731 1124 2832 bene-'pri-

147 2879 243 2927 mum
269 2880 304 2924 se
327 2851 451 2925 habere
474 2853 675 2947 cothurnis,
703 2867 737 2927 et
760 2880 820 2952 par
843 2855 949 2945 suciis,
963 2852 1124 2929 alacritate

147 2958 354 3045 videbatur.
384 2970 453 3044 Sed
476 2999 557 3076 mor
581 2974 701 3046 sensim
725 2973 858 3046 remissa
879 2973 924 3046 ad
937 2973 1138 3049 eaveaeam·

148 3087 266 3185 gulum
290 3115 325 3163 se
345 3090 498 3189 redegit3
527 3092 610 3164 adeo
634 3090 754 3186 habes,
773 3105 809 3164 ut
833 3119 911 3166 cum
933 3107 1033 3167 autea
1049 3118 1125 3168 eon·

148 3223 261 3306 specto
285 3206 420 3282 humine
444 3209 593 3304 exiliret,
621 3209 805 3311 fugamque¹
823 3211 992 3308 pernicem
1017 3224 1125 3313 capes·

17 3321 20 3327 ’
150 3340 264 3419 seret,
293 3327 339 3398 sie
364 3340 402 3399 ut
418 3319 534 3426 'eapite
558 3327 677 3427 pluries
701 3356 818 3404 caveae
842 3329 1027 3430 parietibus
1064 3333 1126 3406 im·

147 3458 243 3544 pacto
269 3446 391 3520 vertice
414 3452 636 3545 sauciaretur,
665 3452 741 3549 opio
781 3447 944 3550 acceptu,
984 3464 1126 3552 torperet

147 3565 278 3664 penitus
302 3565 465 3644 immota.
493 3569 610 3674 Itaque
626 3571 742 3647 clausis
752 3570 917 3683 palpebris
936 3627 947 3670 ,
965 3572 1126 3649 reenhens

146 3899 197 3993 (d)
221 3899 381 3994 impetum
402 3903 520 3980 faciens
543 3902 666 3979 dictum
688 3904 882 4007 Hrrructurr
895 3854 996 4021 ⁵uum.
1020 3904 1100 3996 434.
