2544 4710
531 429 692 538 tus)

138 585 348 664 infectionem
367 585 502 687 longius
522 587 795 688 propagandam,
815 613 913 660 nemo
929 588 1042 687 olinor
1057 602 1109 661 sas.

134 718 202 779 stae
224 709 342 779 ruentis
365 706 607 804 refragabitsut
636 708 729 780 Vero
771 708 859 780 enim
894 704 998 779 simile
1029 717 1106 794 est,

139 824 207 899 hoe
230 851 332 899 omne
354 827 588 925 quirituosum,
626 824 717 927 quod
753 824 908 900 variolosi
931 827 987 899 isti
1020 837 1110 897 tauto

139 945 275 1042 impetu.
304 943 426 1042 spirant
447 979 458 1036 ς
487 957 546 1017 aut
572 956 691 1024 toturn„
716 943 926 1020 variolosum
947 967 1113 1018 venenum

139 1085 220 1137 esse
237 1063 367 1138 volatile
391 1050 580 1158 redditum,
607 1067 868 1142 autrnaxiruam
899 1076 1028 1162 partem
1056 1087 1114 1134 ve·

143 1210 231 1258 neno
253 1183 311 1258 illo
335 1199 510 1277 constare,¹
534 1185 624 1286 quod
648 1199 816 1283 penetrare
841 1208 982 1283 corpora
997 1195 1112 1281 aptum

142 1306 204 1398 sit,
232 1318 293 1399 et,
321 1307 347 1377 si
374 1305 626 1404 disposimnem
642 1307 676 1378 iu
702 1305 741 1377 iis
764 1303 922 1376 invenerit
953 1300 1063 1400 (assu
1078 1298 1109 1400 )‚

141 1425 249 1524 possit·
266 1425 428 1500 variolare
445 1467 466 1499 .·.
482 1424 599 1527 Neque
606 1426 719 1500 renim>
727 1424 838 1499 omnia
856 1448 994 1520 coques
1009 1444 1114 1522 aeque
1136 1445 1141 1457 ·
1243 1460 1246 1466 ·

141 1545 360 1645 susceptibilia
384 1560 460 1620 sunt
478 1546 651 1644 rontagii:
691 1559 723 1618 et
747 1571 842 1642 saepe
878 1544 946 1616 vicli
977 1540 1114 1615 variolas

141 1693 312 1768 nunquam
349 1692 458 1764 pessos
488 1674 638 1764 pueros,
664 1664 896 1764 adultosque,
938 1659 1114 1736 vauolosos

141 1810 243 1857 omne
269 1810 374 1880 genus
396 1785 530 1882 impune
546 1786 731 1856 tractavisse
746 1783 859 1880 ignoto
875 1781 1019 1880 quodam
1032 1807 1111 1854 suae

141 1906 381 1977 constitutionis
403 1906 565 2001 ingenio:
595 1904 676 1980 alios·
698 1900 756 1976 vel·
774 1904 809 1974 iu
834 1911 939 1974 aetate
962 1905 1031 2000 jam
1057 1900 1114 1974 de-

144 2025 268 2121 crepita
292 2027 401 2098 afflatu
425 2023 517 2116 solo,
545 2024 671 2125 absque
694 2021 763 2097 ullo
796 2033 978 2114 contactu,
1005 2023 1113 2097 vario-

142 2146 190 2218 las
227 2149 419 2220 contraxisse
437 2158 451 2219 .’
474 2147 609 2221 Borurr
637 2147 737 2246 patris
761 2142 885 2218 illustre
924 2145 1111 2244 exemplum

146 2278 224 2357 est,
252 2266 310 2364 qui
343 2265 588 2364 septuagenario
626 2268 765 2364 major,
800 2265 937 2346 variolas
962 2263 1111 2338 nondum

143 2413 286 2486 passus,
313 2385 485 2460 accersitus
510 2384 552 2458 ad
583 2389 740 2483 juvenem
765 2386 992 2479 variolosum,
1033 2411 1113 2458 cum

142 2507 213 2601 ejus
236 2504 350 2575 faciem
375 2505 548 2577 miraretur
572 2501 772 2579 horrendum
790 2507 831 2578 >iu
846 2505 985 2579 mudum
1005 2504 1111 2577 tumi-

143 2625 251 2716 dam,
277 2625 477 2723 remotisque
501 2623 648 2722 stragulis
671 2623 835 2724 reliquum
860 2650 990 2723 -corpus
1026 2623 1114 2698 dete-

103 2733 106 2743 ’
142 2743 211 2815 rius
236 2740 391 2814 affectum
417 2742 447 2812 ei
471 2739 709 2834 ostenderetur,
730 2744 900 2816 teterrimo
923 2743 1024 2817 odore
1038 2771 1114 2842 per-

142 2862 254 2935 culsus
280 2875 328 2933 est
352 2861 463 2953 adeo,
491 2873 529 2932 ut
552 2864 762 2959 praeeipitem
791 2863 904 2959 fugam
942 2889 1114 2962 capessere

141 2981 293 3055 debuerit
311 3007 320 3054 ε
347 2980 475 3056 variolis
491 2981 700 3055 nihilominus
723 2997 889 3079 correptus
905 2982 1054 3079 ejusdem
1066 2983 1117 3056 in·

143 3098 228 3172 dolis
252 3101 337 3170 iutra
362 3126 481 3198 paucos
504 3099 573 3172 dies
596 3101 771 3173 defunctus
794 3115 841 3172 est
867 3099 938 3200 (d).

245 3219 346 3291 VIII.
376 3221 484 3318 Aeger
507 3234 617 3292 autern
644 3219 697 3292 ille
722 3234 831 3294 noster
857 3247 946 3295 nouo
971 3220 1023 3295 die
1047 3249 1113 3322 pu-

136 3339 247 3414 stulas
269 3337 394 3438 aliquot
419 3366 476 3437 per
515 3336 687 3433 frontem,
714 3353 748 3412 et
771 3341 888 3415 faciem
926 3358 1117 3440 suppuratus

147 3463 258 3559 coepit
281 3459 479 3532 ostendere:
508 3474 541 3532 et
566 3488 649 3560 quine
675 3461 773 3559 palati
814 3488 931 3536 cavum
957 3463 1039 3563 (rs)=
1056 3488 1118 3540 nc·

146 3581 334 3679 nupabant,
361 3594 475 3678 ruptae
500 3584 534 3654 iu
559 3583 672 3678 primis
698 3608 780 3679 pene
807 3607 922 3656 omnes
949 3585 1116 3696 ingentem
1232 3616 1234 3619 ·

144 3938 196 4029 (d)
219 3939 259 4006 In
283 3937 752 4045 lllediciuaaUSeptentr-ioualis
765 3939 861 4012 Tem.
883 3941 927 4008 Il.
949 3963 1020 4031 pag.
1040 3941 1118 4011 555.

450 4099 458 4181 l
