2542 4710
574 95 687 196 (1221
718 94 736 196 )

155 259 336 363 moniam:
362 284 472 352 nam,
499 269 538 333 ut
559 254 660 330 febris
683 254 835 358 qraievit,
861 256 1025 329 snturrimi
1061 256 1135 357 qui·
1159 344 1162 349 Ι
1260 264 1263 269 ’

156 380 238 483 dern
260 372 470 473 occurrunt,
495 375 554 449 sed
576 374 688 451 sedem
710 375 911 475 pristinam,
938 398 1038 473 quun
1076 372 1136 444 ad-

109 564 117 578 .
151 497 223 573 hue
246 496 352 601 quieti
376 506 574 587 tenuerant,
601 493 783 582 desenmt3
810 505 1002 590 argumento
1025 490 1136 566 deme
1187 592 1190 599 Ι

154 631 232 691 tum
255 614 318 689 illis
349 642 384 689 se
415 612 523 689 alendi
556 614 757 686 materiem.
798 610 898 702 Quod
924 625 960 684 ut
992 613 1133 687 ostendit

155 735 294 836 putrido
321 733 395 809 illos
418 734 461 809 ali
486 733 503 835 (
526 732 806 836 quemadmodum
830 732 894 807 hoc
917 733 985 808 vidi
1007 760 1137 812 vermes

153 854 235 931 alias
256 869 337 959 pust
357 858 469 957 viginti
493 868 633 957 quatuor
656 854 756 929 horas
791 855 825 927 in
849 854 1006 929 cadavere
1043 859 1133 933 viva·

152 1002 240 1070 ces,
266 979 364 1077 cujus
389 973 616 1070 ventriculus,
644 987 677 1048 et
700 1000 819 1072 magna
841 1000 919 1074 pars
942 976 1047 1048 tenuis
1083 977 1134 1051 in·

153 1097 291 1189 tostini,
318 1094 455 1189 lorido,
482 1093 643 1196 fuscoque
666 1093 808 1168 humore
840 1094 1071 1189 redundabat,
1097 1099 1133 1172 in

147 1242 221 1315 quo
248 1211 295 1287 illi
319 1208 501 1304 ludeban13
529 1215 586 1314 qui
612 1212 731 1287 humor
754 1212 859 1286 affirm
873 1214 938 1288 saie
961 1218 1069 1289 tartari
1087 1216 1133 1290 ai-

147 1334 287 1430 knlino,
314 1332 474 1409 etomdis
497 1348 725 1428 cancrorum,
760 1332 839 1406 nihii
876 1339 1054 1438 quicquam
1084 1340 1131 1411 ef-

149 1450 315 1557 ferbuit)
341 1455 385 1526 ita
410 1452 538 1526 defectu
563 1451 707 1525 alimenti
738 1451 887 1541 fodicare¹
918 1457 1055 1553 parietes
1080 1456 1131 1529 in-

148 1576 290 1669 testini,
317 1590 405 1675 quo·
425 1572 633 1666 cluduntur,
670 1571 804 1646 eosdem
840 1574 1072 1669 inflammare,
1101 1592 1134 1651 et

147 1699 186 1773 in
211 1708 336 1769 tantam
362 1693 605 1768 convulsionem
629 1694 713 1803 ciere
737 1719 852 1769 neruos
873 1697 1036 1795 principes
1059 1706 1131 1772 corss

146 1814 241 1913 poris
264 1810 431 1904 hnmani,
457 1811 590 1911 plexum
614 1812 863 1887 mesenton'eum
894 1814 1046 1887 facientes
1063 1872 1073 1909 ,
1090 1830 1129 1890 nt

145 1944 294 2031 pectus,
321 1945 354 2003 et
373 1957 471 2024 eor,
497 1928 578 2003 illud
613 1930 861 2030 respirationis,
887 1929 955 2005 hoc
991 1932 1124 2008 circula-

143 2050 245 2125 tionis
267 2052 409 2144 munia,
436 2047 649 2157 'convuisione
684 2048 869 2149 impedita,
896 2050 1024 2127 difficile
1058 2056 1123 2153 pri·
1168 2135 1172 2146 ¹

144 2196 242 2263 mum
259 2178 272 2264 '5
300 2196 380 2244 mox
403 2172 531 2268 penitus
554 2170 687 2271 exsequi
710 2195 783 2244 non
820 2172 972 2270 possint.
1012 2174 1124 2266 Quam

143 2302 270 2362 tautam
293 2288 533 2362 lumbricornm
558 2301 752 2386 potestatem
775 2288 1000 2364 conuulsiones
1034 2318 1123 2367 mor-

141 2410 255 2483 tiferas
278 2409 470 2504 excitandi,
497 2410 623 2506 magnis
647 2436 763 2503 nunc,
790 2426 876 2509 quae
896 2412 980 2484 mihi
1018 2413 1122 2510 pluri-

141 2546 203 2603 'ma
242 2542 450 2629 suppetunt,
477 2526 664 2627 exemplis,
704 2553 766 2602 nec
795 2527 858 2600 alio
887 2531 986 2601 etiam
1023 2556 1120 2607 seusu

141 2644 314 2721 inutilibus
332 2702 342 2741 ,
368 2649 440 2721 fisse
469 2646 693 2740 ostenderem,
720 2646 747 2720 si
763 2646 926 2743 integrum
941 2645 1022 2721 mihi
1039 2662 1122 2722 esset

139 2778 253 2841 extru'
260 2758 466 2868 propositum
488 2766 615 2866 longius
638 2767 797 2866 evagari.

206 2894 211 2905 '
240 2886 421 2985 XXXIV.
446 2888 547 2964 Nunc'
571 2914 610 2961 ea
631 2886 715 2961 mihi
738 2886 869 2963 videtur
890 2887 925 2959 in
959 2888 1023 2965 hoc
1047 2892 1121 2966 tau}

139 3022 177 3082 to
200 3012 333 3107 negotio
357 3010 542 3108 dignissima
579 3009 855 3083 animadversione
878 3013 1014 3085 materia
1042 3068 1052 3106 ,
1079 3025 1119 3087 ut

138 3126 265 3201 modus'
283 3129 465 3231 inquiratur
484 3166 499 3222 ,·
521 3148 589 3230 quo
622 3130 658 3217 iu
680 3126 846 3203 variolosis
877 3126 919 3199 de
952 3130 1117 3208 vermium

135 3232 317 3349 praesentia
339 3251 446 3322 securi
469 3236 538 3321 e'ssri
560 3251 721 3348 possimus
743 3303 754 3342 ,
781 3261 814 3321 et
836 3248 920 3321 ratio
957 3265 1113 3347 constet,

133 3378 206 3467 qua
229 3362 424 3469 maturrime
449 3366 572 3465 possint
594 3367 693 3440 vitari
716 3365 830 3462 rnala,
856 3393 943 3468 quoe
976 3368 1020 3441 ab
1043 3370 1116 3444 illo-

135 3490 216 3558 'rum
240 3485 418 3584 praesentia
439 3482 659 3583 impendent.
687 3485 823 3558 Etenim
835 3484 918 3559 mihi
941 3484 1053 3560 sedulo
1065 3499 1114 3559 at·

135 3589 282 3682 tendenti
304 3605 356 3680 ad'
370 3604 467 3704 illas,
494 3630 578 3710 quae
616 3607 651 3682 iu
674 3604 845 3685 variolonis
872 3604 1126 3685 lumbncorum'
