2542 4710
240 566 416 648 XXXVI.
444 571 561 664 Quem
585 586 698 649 autem
730 570 922 677 hydropem
961 561 1130 646 ischiadici

135 695 236 768 nervi
259 692 509 776 mihisimilem
532 717 616 770 vero
641 693 718 766 fecit
741 688 866 768 stimuli
889 686 996 786 sedis,
1023 701 1130 762 etna·

142 830 241 889 tutae
270 871 283 912 ‚
309 827 408 917 atque
432 814 530 890 simul
554 813 707 889 ischiadis
742 813 944 914 pervicaciae
977 824 1128 887 sontem*

138 935 277 1033 plutio,
305 961 509 1036 quamquam
535 947 624 1008 secta
648 933 806 1008 cadavera
829 960 897 1007 non
932 943 1044 1031 aperte
1068 928 1129 1002 de·

142 1054 345 1144 clarerent,
372 1053 539 1154 plurimae
561 1067 674 1128 temen
699 1039 954 1128 ischiadicorum
987 1049 1129 1123 curatio-

141 1200 201 1250 nes
224 1173 269 1247 ad
291 1173 380 1248 hene
404 1175 599 1248 sententiam
624 1172 763 1247 feliciter
788 1173 955 1244 institutae
993 1166 1129 1267 apertis·

145 1301 274 1371 simum
298 1296 468 1372 evicerunt
488 1296 566 1370 .·In
589 1321 675 1395 quas
698 1294 800 1368 etiam
814 1290 1002 1384 levissima,
1029 1302 1130 1390 atque

143 1416 248 1514 fugax
284 1416 389 1488 animi
424 1412 573 1490 adversio
596 1412 649 1488 vel
689 1412 858 1487 hominem
894 1407 1131 1510 negligentissi-

146 1566 271 1633 mum,
298 1536 424 1610 nedum
447 1538 565 1610 merito
592 1538 793 1634 suspicacem
818 1590 829 1626 ,
857 1533 974 1607 docere
999 1528 1128 1632 hydro·

144 1684 223 1755 pem
248 1655 343 1730 illum
367 1654 552 1754 potuisset.
580 1655 638 1728 Ad
668 1657 764 1753 eujus
787 1653 834 1725 rei
874 1651 1129 1726 demonstratio

146 1801 225 1851 nem
251 1799 321 1847 non
344 1789 439 1849 antea
464 1775 662 1867 deveniam,
689 1800 869 1874 quamnon
888 1771 959 1846 leve
984 1769 1129 1843 dubium

95 1900 100 1912 '
147 1922 302 1970 exemero
325 1909 359 1969 et
383 1898 461 1970 oriri
484 1894 607 1989 facile,
635 1907 668 1967 et
693 1894 774 1969 solvi
807 1894 1058 1966 necessarium.
1085 1888 1131 1961 Id

146 2029 195 2089 est
232 2014 458 2113 hujusmodi.
487 2015 576 2087 Cum
599 2013 792 2088 hemadieus
826 2038 948 2087 nervus
985 2007 1129 2083 ischiade

145 2129 330 2232 prehensus
352 2133 508 2234 hydrope
533 2133 690 2229 laborat,
717 2147 808 2207 estne
839 2147 928 2205 tanta
968 2129 1133 2232 hydropis

147 2257 296 2331 extensio
316 2269 438 2356 quanta
476 2253 628 2350 doloris,
654 2268 692 2328 ut
728 2254 811 2328 adeo
835 2253 985 2354 hydrops
1022 2263 1132 2325 totum

146 2390 287 2477 occupet
310 2379 404 2452 nervi
428 2389 602 2472 tractum,
627 2378 687 2478 qui
710 2405 730 2450 a
754 2403 839 2450 coxa
855 2374 979 2448 indolet
1004 2373 1047 2448 ad
1070 2397 1133 2470 pe·

148 2493 257 2582 dem3
284 2520 328 2568 an
350 2498 460 2594 potius
491 2494 642 2595 hydrops
681 2519 852 2568 summum
890 2496 986 2568 unice
1022 2505 1132 2567 teneat

147 2617 241 2690 nervi
265 2628 420 2695 truncum
440 2672 451 2710 ‚
477 2642 580 2717 quem
602 2617 713 2716 primo
738 2614 818 2689 solet
844 2614 937 2689 dolor
962 2614 1132 2709 invadere,

147 2736 295 2840 reliquus
320 2752 432 2813 autem
448 2738 611 2837 usquead
634 2737 754 2836 pedem
767 2762 889 2811 nervus
912 2736 1016 2810 dolori
1036 2750 1134 2810 trun·
1169 2813 1172 2821 ,
1224 2718 1226 2724 “

147 2861 178 2933 ei
202 2861 413 2938 consentiens
438 2857 621 2932 indoleat?
642 2859 683 2930 In
709 2848 775 2959 qua
798 2883 834 2930 re
859 2883 925 2932 non
949 2859 1059 2955 parvis
1081 2882 1136 2930 ra-

151 2976 301 3052 tionibus
324 2978 367 3053 ad
391 2976 481 3052 illam
505 2977 625 3051 accedo
658 2979 878 3075 opinionem,
905 3002 990 3076 quae
1014 2978 1049 3047 in
1074 3001 1135 3049 ve-
1195 3030 1199 3042 .

147 3125 210 3193 ra,
238 3113 272 3172 et
303 3100 498 3180 ,confirmata
535 3101 659 3199 postica
682 3097 825 3172 isehiade
862 3121 1000 3172 nervosa
1026 3094 1133 3197 (nr)
1247 3121 1252 3129 ·

148 3219 273 3295 doloris
298 3220 456 3295 comitem
479 3219 632 3321 hydropa
655 3220 848 3295 constituit.
877 3218 1011 3294 Nam'si
1025 3219 1061 3292 in
1076 3245 1136 3295 ve·
1161 3300 1165 3305 p

149 3367 188 3413 re
212 3338 357 3415 isdtiade
382 3367 502 3415 nervus
526 3339 613 3413 ultre
637 3366 754 3413 coxam
786 3346 953 3413 consensu
977 3337 1133 3432 doleret,

149 3460 323 3563 quomodo
349 3462 491 3536 subinde
517 3460 559 3534 ad
575 3461 735 3560 poplitem
751 3485 855 3562 usque
870 3461 937 3561 (111
954 3459 990 3561 ),
1017 3473 1056 3533 et·
1066 3486 1135 3534 non

150 3596 290 3682 semper
308 3584 350 3656 ad
374 3609 450 3658 erus
474 3596 580 3658 totum
598 3582 690 3657 dolor
705 3583 921 3656 extenditur?
945 3582 1059 3658 Eceur
1073 3608 1136 3679 po·

149 3707 214 3778 tius
239 3705 373 3780 cruralis
397 3707 540 3779 anterior
572 3707 667 3780 nervi
692 3703 860 3778 ischiadici
897 3730 972 3805 pars
1007 3702 1132 3776 dolenti

150 3824 253 3903 debet
277 3840 394 3901 trunco
418 3828 515 3901 toties
540 3831 720 3904 consentire
746 3826 897 3928 (xxm),
925 3852 993 3901 non
1031 3824 1133 3897 etiam

149 3971 280 4046 semper
306 3973 372 4022 una
396 3947 586 4048 posterior,
628 3975 713 4051 quae
729 3974 730 3978 ’
736 3951 876 4049 pertinet
916 3940 1138 4020 adseram?
