2544 4710
461 355 618 456 (¹¹7)

64 511 173 601 vani,
200 507 305 582 donec
329 508 372 582 ad
396 508 515 583 doloris
538 512 639 584 finem
664 515 853 611 perveniant
871 521 966 618 ‚qui
980 533 1028 591 cst

57 653 163 725 prope
186 627 324 702 ultimos
346 630 438 727 pedis
463 623 593 728 digitos.
621 633 718 706 Hunc
743 634 854 709 locum
879 641 1026 736 signant,

61 761 177 848 estque
199 750 242 831 ad
266 747 391 847 pollicis
405 751 592 824 distantiam
606 779 705 850 supra
721 754 916 831 divisionem
933 785 1031 858 quar-

59 869 112 960 ti,
139 883 174 943 et
196 873 303 969 quinti
329 871 421 969 digiti
447 870 531 970 (l),
558 900 625 971 quo
650 872 787 959 demum
817 876 951 957 videtur
975 877 1033 948 de·

57 984 259 1060 unerectam
283 987 400 1088 longus
425 989 531 1062 dolor.
559 990 613 1062 lbi
639 992 743 1089 ignito
760 994 848 1066 ferro
871 995 1036 1092 profunde
1087 1022 1092 1026 ⁴

58 1108 220 1195 irturunt3
247 1107 339 1181 ulcus
380 1136 513 1184 manare
551 1111 678 1210 longius
702 1117 813 1188 sinunt
844 1173 854 1209 ‚
881 1131 914 1188 et
953 1118 1036 1190 intra
1154 1098 1157 1104 .

60 1226 277 1324 qtaadraginta
302 1227 372 1300 dies
395 1230 485 1326 aegri
511 1245 693 1306 curantur.
722 1233 911 1306 Nertosam
936 1233 1033 1306 tibia-

63 1344 130 1417 lem
154 1344 333 1420 ischiadenr
357 1347 516 1444 posticam
541 1350 587 1421 sic
628 1354 735 1423 curari
773 1377 867 1448 posse
906 1365 1035 1430 certum

61 1477 142 1555 cst,
169 1464 312 1546 suralern
337 1493 404 1539 non
429 1491 524 1563 posse
548 1484 693 1564 apparet.
736 1470 913 1544 Rationem
937 1473 971 1542 in
997 1498 1039 1543 eo

63 1582 166 1657 habet
191 1584 284 1683 quod
310 1609 354 1657 eo.
372 1583 436 1666 loci
461 1590 646 1665 extremitas
684 1585 878 1662 subcutanei
914 1588 1032 1660 tibialis

59 1706 147 1777 rami
169 1703 351 1798 ischiadici¹
370 1709 464 1778 nervi
499 1706 624 1781 desinat
661 1733 695 1780 se
728 1710 762 1780 in
799 1709 883 1782 duos
919 1736 1030 1783 ramos

58 1820 221 1916 findens,
248 1848 397 1922 quorum
435 1825 517 1899 alter
554 1828 596 1905 ad
638 1842 831 1926 quartum,
873 1830 953 1906 alter
995 1831 1039 1907 ad

57 1943 220 2042 quintum
245 1943 389 2039 digitum
414 1958 555 2017 transeat
580 1944 686 2044 (l).
716 1946 805 2018 Eam
845 1972 917 2019 rem
953 1948 1036 2029 milri

55 2060 167 2135 -modo
193 2064 343 2158 exposuit
368 2063 573 2136 Fatucrscus
599 2063 730 2143 Coaaus
754 2063 883 2137 auditor
908 2079 1031 2156 noster,

56 2182 118 2279 qui
143 2178 266 2254 multos
294 2207 399 2256 annos
424 2182 462 2258 iis
486 2181 566 2256 locis·
590 2181 789 2264 medicinam
829 2183 933 2274 tacit,
960 2183 1041 2254 inde·

64 2301 171 2374 redux
187 2303 318 2388 ineunte
344 2301 447 2400 Aprili
472 2327 562 2373 anno
584 2325 786 2375 unccnxxvr.
878 2325 880 2331 ’

51 2465 55 2472 -
163 2412 227 2493 L'l.
255 2423 302 2494 Et
318 2419 378 2497 hae
403 2421 537 2521 quidem
571 2421 724 2520 disjectae
763 2421 855 2520 apud
879 2434 1041 2514 veteres,

59 2543 117 2618 red
142 2543 226 2614 forta
250 2543 384 2622 fortuna
410 2541 510 2615 veluti
532 2545 567 2613 in
591 2521 796 2615 antecessum
812 2521 1042 2639 praeparatae,

65 2661 164 2744 nobis
201 2661 383 2739 airidentes
409 2661 678 2752 obser·vati0neS‚
706 2675 866 2760 tanquam
905 2661 1047 2743 {ortuitu

62 2784 257 2886 praemissae
281 2784 364 2863 'veri
389 2782 475 2853 faces
515 2781 741 2870 videbantur,
775 2764 920 2879 duarum
959 2780 1046 2852 atiaa

64 2902 241 2998 nonnullae
266 2901 477 3000 elegantiores
502 2901 589 2998 apud
613 2915 759 2973 recentes
776 2891 923 2978 medicos
940 2903 1044 2985 etiam·

64 3023 295 3104 occurrebant.
324 3025 458 3095 Etenim
485 3024 716 3112 Acarnanas,
745 3022 802 3122 qui
820 3022 931 3094 floruit
954 3020 1042 3117 apud

23 3201 25 3206 ·
66 3168 129 3216 nos
154 3143 218 3215 sub
250 3143 361 3220 medio
387 3129 773 3233 seculodecimosertoi
802 3164 880 3214 cum
905 3139 1040 3228 multa,

67 3276 113 3334 ut·
131 3276 210 3350 tuuc
235 3265 404 3361 scriptores
429 3260 549 3339 medici
588 3259 766 3350 solebant,
808 3259 1050 3346 indiscrimina.

65 3383 127 3467 tim
150 3384 412 3475 ¹consauninasset
442 3437 452 3474 ,
490 3409 574 3483 quae
610 3381 788 3464 ischiadem
828 3394 1039 3473 everterent,

65 3500 127 3584 hoc
153 3503 289 3576 demum
315 3516 474 3602 tanquam
509 3501 662 3575 ultimum
702 3506 870 3579 diuturno
907 3529 1041 3576 coxen-
1067 3531 1070 3534 ’

67 3622 182 3695 dicum
221 3620 342 3713 dolori
366 3620 607 3702 commendavit
638 3619 825 3708 auxilium3
867 3625 949 3719 igne
973 3622 1049 3698 sub,

484 3775 684 3802 ᾳ-μ-...α-

83 3859 132 3950 (t)
157 3857 294 3931 Tabai.
322 3861 375 3954 ag.
405 3860 431 3924 1.
459 3865 481 3924 r.
547 3942 549 3947 ¹
578 3855 643 3950 (r)
670 3856 752 3944 raa.
780 3855 832 3937 u„
850 3855 924 3948 urg.
951 3856 976 3920 r.
1002 3853 1023 3919 ι.
