2544 4710
545 345 692 449 (²3)

140 501 296 576 factuam
319 503 471 580 insidere.
488 510 560 579 ln
555 535 598 579 eo
621 511 723 606 igitur
744 520 847 582 nervo
845 499 973 584 dolor
989 527 1068 601 est;
1064 519 1117 593 in

138 647 186 693 eo
210 644 321 694 caussa
346 624 587 701 claudicationis
621 628 767 718 residet3
795 631 841 702 ab
863 634 938 728 ejus
961 635 1118 753 passione

140 739 281 812 affectae
305 746 403 839 partis
423 747 692 848 semiparaiysis,
717 763 752 821 et
778 752 892 824 tabes.
995 784 1000 791 ·

140 908 145 917 .
172 902 177 919 »
247 859 329 932 VII.
358 861 471 936 Tabes
498 885 586 938 minc
611 881 720 938 autem
741 883 923 941 memorata
954 870 1068 942 nolim
1081 888 1119 944 ut

139 977 360 1059 wnfundatur
383 1005 461 1055 eum
487 984 679 1060 ischiadieo
705 985 818 1077 tabe,
846 1012 946 1083 quarn
970 992 1004 1059 in
1031 989 1117 1064 libro

140 1098 383 1192 degdundulis
407 1100 562 1176 indicarit
578 1103 831 1176 Iirrrocaitr's.
860 1104 950 1176 Haec
966 1109 1053 1176 enim
1069 1121 1120 1178 to-

139 1217 216 1286 tius·
232 1220 449 1314 eorpmrisest
472 1223 686 1316 consu‘mdo,
725 1223 871 1324 quaefit
904 1236 1119 1320 posteaquam

137 1337 264 1408 humor
278 1340 430 1412 ⁴eredens
457 1345 501 1415 in·
514 1370 614 1415 coxae
638 1344 846 1419 acetabulum
871 1340 1039 1436 defluxit,
1067 1343 1117 1415 id-

138 1484 207 1555 que
233 1459 410 1554 insiguiter·
423 1460 597 1537 uloeravit.
617 1463 751 1536 Hectiea
776 1488 917 1562 namque
941 1461 1058 1552 selu-is,
1075 1489 1115 1533 eo

141 1602 186 1648 en
207 1575 315 1654 utrae
331 1593 405 1652 ruta
419 1630 435 1673 ,·
449 1608 571 1679 corpus
596 1584 788 1654 universum
813 1582 976 1654 mortifere
1002 1608 1117 1653 consu-

142 1701 207 1772 mit
216 1727 230 1772 ·.
259 1705 356 1790 Quae
380 1725 460 1775 vero
476 1702 578 1774 'tabes
602 1729 774 1789 nervosam
790 1707 947 1799 posticam
971 1705 1118 1801 sequitur

141 1819 326 1889 iselriadeur
337 1847 347 1911 3
375 1845 413 1890 ea
438 1819 525 1892 solas
550 1837 674 1916 partes,
692 1820 817 1892 dolore
840 1821 1018 1893 ischiadico
1042 1848 1118 1918 per-

143 1964 235 2010 vasus
259 1939 521 2036 comprehendit.
543 1942 631 2017 Cum
656 1969 694 2012 ea
719 1967 826 2041 neque
850 1941 949 2012 febris
973 1955 1020 2013 est
1035 1998 1045 2034 ,
1060 1968 1117 2012 ne·

143 2086 211 2158 que
236 2086 354 2158 corpus
368 2062 545 2159 reliquum·
556 2063 772 2159 compatitur,
789 2077 824 2146 ut
839 2062 1017 2134 diutissime
1030 2061 1120 2133 'ferri

141 2185 298 2269 intentata
325 2183 400 2272 rita.
416 2185 541 2278 possit.
569 2185 617 2252 Er
641 2185 924 2282 nunc-praecipue
949 2184 1116 2256 horniuem
1232 2207 1233 2210 ’

139 2301 271 2394 iubeo,
288 2305 420 2374 tertium
431 2359 441 2396 ,
453 2318 486 2375 ot
502 2304 776 2400 septuagesimum
787 2328 909 2376 annum
925 2309 993 2399 jam
1005 2328 1117 2372 orarem

140 2423 308 2519 sum.‚·qui
333 2448 353 2492 a
379 2419 555 2519 longinqua
572 2440 708 2493 nervosa
733 2419 876 2492 ischiade
897 2422 1034 2515 postica,¹
1053 2423 1112 2490 tri-.

142 2541 230 2636 girata
248 2542 320 2634 ijam
335 2565 419 2637 pene
432 2564 556 2630 anuos,
574 2539 740 2618 sinistrum
765 2563 840 2614 crus
855 2539 1022 2633 insigniter
1048 2562 1117 2608 ma-

141 2656 301 2731 cilentum
325 2660 387 2729 fert
407 2715 417 2751 ,
443 2671 569 2731 caetera
596 2678 691 2727 senus
709 2709 717 2728 .
736 2655 909 2754 Tantaque
933 2669 1043 2727 motus
1068 2655 1116 2724 sa-
1166 2691 1167 2704 κ

139 2776 309 2856 cotanen
331 2792 384 2871 est
419 2779 454 2848 in
478 2773 735 2867 &rure-relicta,
770 2787 816 2858 ut
841 2771 961 2845 baculo
986 2774 1116 2842 inuisus

141 2896 281 2994 gradum
307 2893 487 2968 commode
508 2896 608 2965 sistat.
639 2892 740 2982 Quod
766 2915 829 2987 ego
854 2905 937 2988 puto
963 2893 992 2961 ei
1016 2893 1116 2986 potis·

141 3014 442 3112 simum-obtigisse
452 3017 527 3115 quia
542 3013 681 3110 temperi
692 3010 836 3109 coeperit
848 3009 1030 3096 fluentibus
1041 3011 1119 3082 hae-

140 3132 386 3218 morrhoidibus
397 3131 570 3206 laborare:
590 3127 711 3230 quibus
720 3130 825 3218 tertio
842 3154 974 3229 quoque
987 3152 1112 3219 mense,

142 3254 195 3327 rel
209 3256 254 3325 'in
281 3253 345 3323 hae
366 3255 442 3349 ipsa
457 3263 586 3347 aetate,
614 3253 774 3348 insignem
798 3246 961 3346 sanguinis
986 3248 1116 3343 copiam

141 3376 243 3472 egerit
261 3427 268 3444 .
289 3372 462 3454 Uieerosa¹
473 3397 552 3470 ergo
570 3429 580 3466 ‚
600 3360 805 3465 universalis,
825 3385 857 3443 et
873 3369 1111 3461 mortiferam,

140 3510 240 3595 atque
267 3491 312 3564 ab
336 3492 504 3566 attlrritiea
518 3479 670 3566 'ischiada
701 3491 843 3590 pendet,
871 3488 1042 3588 ischiadjea
1067 3502 1116 3596 ta-

129 3617 201 3700 Jses
225 3616 312 3687 dicta
346 3600 581 3695 Hierocuarr':
618 3599 797 3712 paraiptica
821 3611 927 3704 uero,
964 3612 1117 3681 etunius

140 3739 242 3835 partis
267 3749 401 3808 vexatae
418 3792 427 3829 ‚
444 3718 741 3807 ‹iiuturnaeadeui
757 3742 772 3825 ,'
793 3759 853 3806 nec
878 3735 961 3807 vitae
986 3731 1111 3818 minax,

140 3885 226 3975 (pirae
251 3861 424 3934 nervosam
439 3855 615 3944 ischiadem
641 3858 786 3954 sequitur
811 3855 927 3930 tabes.
948 3853 1040 3926 Hauc
1066 3863 1127 3926 ta-..,
