2544 4710
543 376 559 476 (
591 374 697 473 120)

145 551 236 651 quasi
271 549 409 622 totidem
448 546 620 648 praeclaris
646 545 869 621 fundamentis
887 551 987 664 ‚inniti
1029 555 1124 649 posse

146 667 345 762 videbatur,
372 691 441 740 non
466 664 560 740 facile
586 667 700 739 dixero
725 680 882 767 quantam
906 667 990 739 mihi
1023 692 1118 768 spem

139 791 310 887 injecerint
333 787 526 887 profuturae
550 789 768 863 vesicantium
792 812 910 885 operae
941 813 1040 886 super
1064 814 1117 863 se·

141 909 199 983 des
221 910 439 984 ‘subcutaneas
463 908 630 982 ischiadici
654 910 748 984 nervi
767 963 775 981 .
796 906 1025 1008 Neque'enim
1044 923 1120 985 ami

138 1030 223 1129 plius
246 1029 421 1104 videbatur
445 1050 531 1104 nova
555 1032 718 1124 omnino,
746 1045 779 1103 et
803 1030 912 1104 audax
943 1047 1055 1105 nostra
1070 1033 1125 1106 illa

143 1153 281 1227 curandi
296 1153 417 1244 ratio,
444 1154 540 1250 cujus
564 1165 639 1224 ante
663 1176 724 1223 nos
748 1152 913 1248 praeclara
943 1156 1013 1251 jam
1034 1153 1120 1227 indl-

141 1274 190 1343 cia
215 1268 336 1344 medici
357 1270 554 1373 reliquerant
576 1272 840 1368 praestantissimi
861 1296 870 1344 t
889 1270 982 1348 Nihil
1022 1273 1125 1373 igitur

143 1390 206 1463 fnit
230 1391 346 1492 reliqui
372 1400 447 1465 cnr
466 1392 601 1465 ulterius
626 1392 851 1466 dubitaremus
876 1412 995 1491 spem}
1011 1414 1129 1468 conce-

143 1525 234 1608 ptam
258 1524 382 1584 tentare
396 1512 655 1610 experimentis,
683 1511 786 1600 Quod
810 1526 880 1583 erat
904 1510 1128 1599 facillimum,

36 1712 38 1720 ¹
147 1631 310 1731 siquidem
334 1632 422 1730 apud
447 1659 506 1704 nos
538 1631 726 1733 frequentes
750 1656 844 1704 casus
869 1630 1126 1706 occurruntho·

147 1752 275 1829 minum
299 1778 438 1827 nervosa
463 1753 605 1834 isclriade
631 1753 856 1830 laborantium
877 1807 885 1823 .
903 1752 1127 1831 Tentnvim'ns'
1152 1767 1156 1774 '

147 1897 225 1967 ergo
249 1873 399 1972 primum
424 1872 505 1976 quid
530 1874 673 1946 vesicans
698 1871 842 1944 efficeret
866 1872 1068 1969 applicatum
1084 1873 1127 1950 ad

148 1993 418 2090 caputfilmlae,
446 1993 491 2065 sic
515 2007 553 2065 ut
579 2006 682 2066 totam
707 1995 781 2091 ejus
804 1990 868 2064 loci
887 1991 1124 2066 srrbcntnrteam

42 2203 49 2217 ,
149 2092 243 2184 nervi
267 2113 395 2208 partem
420 2113 740 2211 comprehenderet.
771 2113 861 2193 Cum
877 2114 967 2184 enim
992 2115 1027 2185 in
1050 2130 1123 2186 ner*

149 2255 226 2304 vosa
251 2231 391 2312 ischiada
415 2223 537 2332 postica
561 2261 581 2305 a
605 2261 687 2305 coxa
711 2231 755 2306 ad
780 2229 932 2308 fibulam.
953 2230 1048 2304 dolor
1064 2255 1131 2306 rnn-

154 2354 243 2423 xime
268 2352 417 2446 saeviat,
446 2384 465 2426 a
497 2352 599 2425 fibnla
624 2353 665 2424 ad
691 2351 812 2451 pedem
843 2350 942 2450 longe
981 2355 1122 2446 minus,

150 2451 234 2549 inihi
257 2473 394 2545 videbar
418 2473 594 2572 intelligere
622 2476 776 2546 materiae
801 2475 883 2546 acris
915 2475 1047 2572 copiam
1062 2500 1130 2549 mas

88 2627 91 2632 ·
153 2592 264 2685 jerem
288 2619 306 2662 a
332 2617 414 2663 coxa
449 2619 583 2692 quoqne
608 2592 651 2664 ad
687 2590 826 2670 fibulam
865 2595 961 2667 nervi>
996 2595 1129 2691 vaginas

153 2707 325 2794 incolere3
350 2720 452 2810 quarn
477 2712 503 2780 si
528 2711 736 2801 ,³vesicante
776 2709 818 2782 ad
843 2709 947 2783 imam
973 2708 1134 2802 tibiam,

156 2829 333 2910 dorsumve
358 2811 451 2927 pedis
476 2830 658 2929 applicito,
687 2841 846 2915 evacuare
873 2830 1131 2924 contenderem,

160 2964 268 3036 metus
293 2965 426 3022 eratne
451 2949 503 3023 vel
529 2953 601 3033 viae
625 2949 829 3047 longitudo,
857 2947 911 3022 vel
935 2953 1133 3047 vaginarum

152 3079 371 3145 'nervosarum
394 3072 434 3142 iis
458 3073 493 3142 in
517 3070 595 3150 locis
621 3071 802 3168 angustia,
830 3067 1002 3172 descensui
1028 3081 1131 3150 mate*

163 3194 231 3272 riae
254 3181 428 3292 officeret,
456 3192 674 3292 ejusdemque
700 3190 903 3268 evacuationi
923 3243 932 3262 .
953 3187 1135 3288 'Applicari

159 3337 240 3406 ergo
266 3314 413 3408 primurn
437 3312 473 3393 in
497 3311 632 3397 homine
668 3307 955 3409 quadragenario,
995 3320 1138 3406 quatuor

159 3431 227 3525 jam
253 3455 410 3522 menses,
440 3443 472 3511 et
497 3421 636 3529 amplius
656 3427 799 3511 ischiade
824 3453 961 3511 nervosa
986 3423 1154 3504 laborans*

134 3625 137 3631 ,
162 3562 223 3641 te,
252 3549 292 3619 ad
318 3549 440 3624 fibulae
465 3552 725 3650 capntnesicans
741 3550 985 3647 imperavimus.
1001 3571 1140 3646 sequena

161 3671 187 3740 ti
202 3671 338 3740 ratione
355 3721 364 3740 .
393 3669 548 3766 Pastam‘
561 3671 734 3748 vesicantis
769 3670 958 3752 communi
979 3661 1138 3745 methodo

167 3773 316 3888 paratam
341 3790 375 3862 in
400 3791 546 3869 formam·
567 3791 720 3890 planam,
748 3816 804 3874 sex
830 3789 1140 3889 longam'transver«

81 4004 85 4011 ι
164 3936 216 3982 sos
256 3908 409 4009 digitos,
450 3915 590 4018 quatuor
614 3911 743 4005 latam,
785 3909 917 3990 extendi
943 3909 1128 4012 jussimus·
