2544 4710
533 426 690 530 (ωε)
813 413 817 419 ’

145 619 234 697 part
260 591 369 693 hujus
382 611 479 690 opera
503 585 596 662 dolor
620 586 759 661 ulterius
793 598 840 658 cst
880 582 1102 658 imminutus.

63 697 76 726 ⁵
139 716 208 791 Sed
232 729 349 793 octavo
373 718 471 791 etiam
495 713 548 789 die
572 712 665 791 ulcus
688 715 831 793 alterurn
866 710 1105 799 consannerat,

140 856 258 934 neque
272 831 364 908 dolor
387 832 515 933 penitus
538 847 737 907 excesserat.
765 831 862 908 Tum
891 833 987 904 tertio
1014 852 1109 926 super

141 953 393 1028 eodem‘sanato
428 955 496 1052 jam
520 953 593 1027 loco
626 952 770 1027 vesicans
813 963 862 1026 est
892 949 1110 1050 impositum:

141 1074 207 1149 hoc
230 1078 374 1177 vesicam
398 1076 550 1148 excitavit
586 1089 652 1146 tres
688 1098 772 1172 pene
809 1073 922 1146 uncias
957 1067 1113 1171 lymphae

143 1195 385 1267 mucosissimae
411 1193 657 1269 continentem:
684 1193 780 1272 tertio
803 1190 848 1265 ab
877 1188 947 1265 boc
973 1189 1114 1264 vesican·

145 1324 178 1383 te
204 1309 257 1383 die
282 1312 379 1385 dolor
402 1314 530 1411 penitus
554 1311 715 1388 evanuit.
755 1309 848 1385 Utile
889 1310 972 1384 adeo
1010 1311 1115 1384 moni·

136 1447 219 1506 turn
242 1444 317 1504 est:
344 1432 434 1533 qnod
473 1431 543 1507 sine
579 1428 714 1504 notabili
746 1431 985 1528 aegrotantium
1022 1427 1117 1502 detn'-

146 1567 260 1629 mento
292 1553 459 1652 praeteriri
490 1579 558 1626 non
591 1568 718 1650 posse,
758 1550 872 1625 multis
912 1562 1117 1649 compertum

147 1674 255 1749 habeo
279 1674 538 1772 experimentis,
564 1671 726 1773 jubendos
751 1697 867 1746 omnes
903 1670 1059 1745 dintnma
1097 1671 1120 1743 i·

149 1795 279 1871 schiade
304 1808 465 1889 vexatos,
492 1821 575 1896 quos
598 1795 765 1895 proposita
805 1793 976 1869 vesicantis
1017 1791 1116 1891 appli-

86 1917 92 1924 ’
140 1916 275 1990 ratione
298 1916 491 2008 curaveris,
519 1941 560 1989 ne
585 1915 619 1986 in
657 1916 805 1988 maximo
843 1912 948 1988 muris
982 1914 1051 1987 otio
1075 1911 1120 1986 nl·

147 2037 242 2110 ceris*
260 2036 461 2109 curationem
495 2036 705 2132 transigant,
749 2033 801 2109 vel
836 2035 962 2132 pristini
1001 2032 1118 2109 doloris

149 2168 243 2228 metu
258 2212 269 2250 ,
282 2155 350 2230 .ch
375 2156 445 2253 ejus
467 2153 694 2247 intolerantia,
728 2181 829 2256 quern
866 2158 1037 2231 vesicantis
1078 2155 1122 2233 ul·

150 2300 209 2348 cns
233 2272 485 2373 superaddidit.
527 2272 617 2346 Nam
640 2272 721 2346 lenis
758 2271 1008 2370 deambulatio,
1049 2289 1120 2351 utut

143 2392 287 2468 molesta
311 2395 379 2486 sit,
405 2394 548 2467 maxime
571 2407 683 2467 tamen
707 2396 801 2474 nervi
823 2393 1044 2494 depletionem
1070 2397 1124 2472 ad·

152 2518 280 2616 juvat,
307 2515 444 2615 ejusque
479 2511 629 2588 humoris
664 2513 829 2589 morbifici
866 2518 1121 2612 extrusionem,

153 2638 212 2739 qui
238 2633 401 2735 glutinans
424 2646 541 2707 natura
565 2638 653 2731 sua,
679 2650 714 2709 et
727 2635 921 2736 pigerrimus
945 2651 1021 2712 est.
1060 2638 1125 2714 Ho

154 2756 279 2828 minem
302 2780 381 2851 prae
406 2754 521 2827 ceteris
563 2754 656 2848 vidi,
692 2781 794 2856 quern
832 2759 1009 2830 necessaria
1044 2759 1126 2833 vitae

129 2875 262 2948 'officia
286 2886 491 2975 co'e'gerant,
517 2903 597 2950 cnm
620 2875 712 2950 ulcus
751 2879 918 2952 vesicantis
958 2905 1058 2976 opera
1090 2880 1129 2954 ad

156 2990 277 3066 fibulae
300 3008 398 3092 caput
422 2994 468 3068 ob
493 3021 666 3070 nervosam
705 2994 880 3071 ischiadem
918 2995 1043 3076 sactum
1075 3000 1131 3075 ha·

157 3113 277 3208 beret,
305 3113 447 3189 multum
472 3116 626 3190 moveri:
653 3115 759 3209 huic,
785 3118 821 3190 in
846 3144 963 3217 magna
994 3148 1133 3198 crurum

76 3333 78 3336 Ι
152 3231 360 3328 agitatione,
387 3233 485 3330 primi
508 3234 679 3308 vesicantis
693 3232 790 3309 ulcus
805 3239 996 3336 sangninem
1023 3243 1133 3342 ipsum

156 3352 294 3482 ,copiose
318 3355 492 3443 manavit,
518 3378 589 3454 quo
614 3365 762 3426 actutum
787 3409 798 3448 ,
835 3357 927 3456 qnod
960 3373 1056 3432 antea
1081 3387 1134 3464 ne-

161 3465 274 3561 mini,
300 3481 422 3543 annosa
445 3468 590 3564 ischias,
616 3483 649 3542 et
672 3485 855 3552 constanter
879 3479 1033 3552 evannit.
1071 3479 1138 3553 Sed

157 3587 243 3698 lraec
266 3587 382 3662 eadem
406 3591 592 3664 exercitatio
616 3591 715 3666 etiam
739 3594 774 3667 in
797 3595 852 3671 illa
865 3598 989 3696 postica
1021 3599 1139 3674 ischia-

166 3705 208 3780 de
231 3703 318 3780 valet
332 3711 471 3807 ,qnam
495 3707 636 3784 suralem
661 3713 926 3812 appellavimus.
954 3716 1056 3793 Nam
1069 3746 1138 3794 sae-

164 3851 207 3924 pe
232 3824 343 3900 dolore
368 3828 468 3901 cruris
491 3830 662 3930 quiescere
682 3836 811 3927 eoacti,
839 3835 923 3911 dum
971 3837 1034 3913 sibi
1067 3865 1141 3938 par·

166 3956 245 4017 cunt
262 3999 281 4058 ,Ι
301 3944 398 4022 unius
422 3943 501 4025 mali
526 3976 640 4029 caussa
678 3955 802 4032 semina
842 3956 974 4035 alterius
999 3961 1145 4058 ,jaciunt
