2544 4710
566 445 722 548 (ποι)

67 665 69 676 i
161 592 238 676 teris
261 609 367 677 essent
390 596 606 677 fundamento
629 600 787 678 minutius
812 582 1036 699 tradidimus,
1074 588 1137 676 ob·

155 718 576 815 ¹serr'ationes'evicerunt,
614 719 672 801 sed
697 733 730 794 et
752 722 899 822 quinque
923 717 1033 818 aliae,
1070 749 1136 801 uua

53 862 55 866 ·
159 841 194 914 in
217 837 325 939 puella
344 894 355 934 ,
374 853 515 941 quatuor
539 839 670 946 habitae
694 841 728 913 in
743 843 856 939 pueris
880 822 1131 935 confirmamur
1155 910 1159 921 .

156 960 238 1060 q'uas
261 963 339 1064 quia
362 962 459 1037 nimis
483 972 564 1037 esset
586 957 735 1058 longum,
753 972 787 1034 et
809 960 924 1035 inutile
949 964 1133 1061 negotium,

58 1138 64 1170 -,
157 1082 198 1165 aa
221 1083 329 1157 taedio
352 1082 489 1184 planum
514 1082 672 1156 minutius
696 1077 877 1178 enarrare,
904 1087 1138 1182 summatim,

154 1200 278 1303 etqua
300 1215 392 1302 parte
417 1199 579 1302 singulare
604 1201 726 1304 aliquid
752 1204 982 1299 ostenderint,
1016 1198 1132 1282 recen}

152 1320 316 1407 subimus.
344 1322 435 1399 Nam
459 1324 568 1425 puella
593 1325 747 1400 nondum
773 1326 905 1401 triennis
921 1326 1137 1403 duodecimo·

153 1438 427 1523 exeunte'morhi
452 1445 505 1520 die
529 1437 815 1522 conflue'ntissimis
839 1445 969 1524 variolis
986 1451 1129 1524 extincta

151 1555 245 1638 tiit.
270 1562 360 1661 Eam
386 1592 405 1638 a
428 1566 616 1665 primordiis
639 1579 792 1643 constans
818 1578 966 1641 tenuerat
991 1568 1058 1644 alvi
1081 1568 1128 1643 la·

152 1684 266 1778 nitas,
293 1711 359 1786 qua
383 1699 570 1761 excreverat
593 1687 729 1788 quidem
754 1683 870 1760 biliosa
895 1685 1015 1782 multa,
1043 1713 1129 1789 quo·

152 1791 258 1902 tidie,
285 1817 317 1879 et
341 1805 547 1901 berulenta,
575 1806 632 1881 sed
657 1803 806 1896 nonnihil
831 1807 935 1882 etiam
957 1805 1127 1883 bonorum

149 1923 356 2000 humorum.
384 1924 476 1999 Belle
508 1952 542 2000 se
568 1923 691 2000 habere
716 1923 918 2020 videbatur,
951 1939 991 1999 'et
1015 1939 1126 2001 maore

53 2095 55 2098 <
153 2041 305 2160 eoustare
320 2040 404 2138 ,sic
427 2058 466 2120 ut
489 2043 605 2120 cibutn
628 2054 798 2146 qtraereret
823 2042 1001 2130 interdum,
1019 2057 1054 2118 et
1069 2071 1125 2121 ac-

148 2166 269 2277 ciperet
292 2164 500 2259 avidissime,
527 2191 606 2237 cum
631 2162 760 2240 decimo
786 2163 868 2258 die,
909 2164 1029 2239 macris
1053 2167 1125 2240 exi.

145 2268 325 2359 stebtdius
338 2282 446 2363 adhuc
471 2281 609 2384 pustulis
634 2290 764 2383 inagna
779 2309 820 2357 ex
844 2295 969 2383 parte,
996 2307 1040 2360 ex
1063 2311 1119 2359 re-

114 2488 119 2498 ,
145 2402 254 2479 siculis
280 2416 505 2478 extremorum
528 2401 704 2478 nonnullae
727 2415 950 2511 apparuerunt
975 2402 1122 2478 violaceo

143 2506 303 2599 bumore
311 2504 450 2631 plenae.
476 2521 616 2596 Interim
640 2523 833 2622 suppuratio
869 2524 1051 2621 generatim
1076 2525 1124 2595 in··

145 2633 332 2723 firmissima
357 2639 556 2743 videbatur,
593 2667 695 2744 quam
719 2667 781 2741 ego
806 2664 873 2717 non
899 2669 919 2725 a
942 2641 1124 2742 repletione

144 2760 269 2841 ordinis
293 2761 509 2838 vesic'ularum
537 2759 638 2863 (ur)
664 2760 932 2857 variolosarum,
959 2789 1047 2864 quae
1063 2763 1120 2838 fat-

19 2952 22 2954 ,
144 2883 305 2959 lacissima
330 2896 393 2977 est,
421 2899 454 2966 et
478 2880 661 2958 naturalem
682 2881 792 2980 potius
810 2880 947 2982 illarum
970 2880 1117 2958 indolem

140 2990 315 3083 tllmdnr
340 2988 471 3102 arguit,
499 3028 599 3104 quam
624 3013 744 3076 statum
769 3001 870 3076 totins
894 2999 1030 3097 morbi,
1063 3000 1116 3076 sed

141 3147 163 3194 a
185 3118 385 3223 phymatum
407 3110 609 3221 plenitudine
633 3119 735 3215 soleo,
753 3147 791 3196 ae
814 3120 993 3194 nutritione
1017 3120 1115 3196 aesna

139 3230 256 3321 mare:
274 3271 361 3346 quae
385 3258 472 3319 eum
488 3269 527 3319 ea
551 3241 655 3318 aetate
680 3240 789 3317 morbi
815 3235 969 3340 languida
994 3256 1058 3338 est,
1072 3242 1117 3315 el

139 3354 241 3437 foetas
266 3358 406 3441 nimium
432 3362 538 3464 arguit
562 3362 710 3440 Naturae
728 3363 841 3439 vires.
871 3360 954 3463 Spes
979 3363 1117 3439 nonnul-

139 3483 249 3559 lorum
275 3485 364 3558 ineo
389 3483 492 3584 posita
516 3480 704 3578 videbatur,
724 3480 816 3586 quod
839 3483 981 3558 intanta
1005 3481 1117 3559 morbi

144 3599 346 3739 malignitate
369 3598 465 3677 altior
488 3597 590 3679 febris
615 3601 729 3676 aberat
745 3656 756 3695 ,
774 3602 952 3677 etmenns
975 3604 1111 3678 emutio:

138 3714 197 3804 sed
221 3707 369 3803 viderim
393 3724 508 3800 multis
530 3723 690 3862 exemplis
714 3722 807 3811 illos
814 3724 937 3799 certius
962 3747 1116 3824 gangrae-

139 3878 184 3924 na
208 3840 400 3923 interiorum
424 3847 572 3933 sedium
579 3840 765 3944 interiisse,
801 3845 890 3948 qui,
915 3857 1038 3922 stante
1058 3846 1112 3921 illo

83 4034 85 4039 .
136 3947 336 4048 variolarum
360 3959 507 4067 babitu,
534 3965 625 4045 febre
650 3964 779 4077 miti,
783 3966 907 4070 tepore
931 3969 1046 4066 οιιιιι,
1073 3977 1118 4039 et
