2544 4710
489 395 650 497 (321)

77 583 198 659 passo,
226 556 285 636 etsi
310 552 418 631 dubiis
441 555 612 654 agentibus
636 557 766 655 signis,
793 561 932 660 suspicio
954 587 1045 644 mor»

55 676 107 751 J>i
130 690 180 748 est
203 701 305 776 quam
328 673 420 749 facile
445 673 660 759 adhibenda:
686 702 772 775 quae
797 679 823 751 si
856 679 948 767 sallat
970 736 982 774 ,
1005 707 1046 767 ea

61 810 178 869 ,amen
201 791 362 892 praesidia
386 791 471 880 nulli,
490 795 606 895 quavis
630 797 917 890 carosagsimilliter
943 825 1043 892 vexa-

57 931 101 997 ,ιο
125 942 290 997 nocuere·
315 916 431 1006 ‘Quam
449 916 493 997 =in
519 913 799 1014 perplexitatem,
816 918 1045 1018 qui-inserunt
1079 988 1083 993 ,

66 1033 229 1126 variolam,
256 1033 519 1117 nonoffendunt
538 1038 635 1134 „qni
663 1035 863 1132 praesentiae
889 1039 1042 1130 veneni,

62 1152 156 1253 qnod
182 1151 242 1250 ipsi
261 1151 526 1242 ‚introduxerunt
558 1154 694 1246 securi,
728 1155 909 1233 necessitati
946 1183 1045 1250 mun-

65 1271 165 1346 dandi
190 1270 255 1344 alvi
279 1271 348 1360 rias
373 1273 454 1344 certi
469 1271 670 1370 temperique
688 1267 888 1346 subveniunt
907 1298 920 1361 ;
947 1300 1040 1367 cum,

62 1392 125 1488 qui
149 1401 504 1488 curaret-spontaneas,
531 1401 565 1469 et
599 1386 761 1473 naturales
780 1392 900 1484 „inter
941 1388 1044 1484 dubi,
1132 1411 1133 1414 ,
1197 1409 1198 1414 ,

58 1509 184 1607 signa,
210 1510 356 1584 etruria
382 1509 840 1606 fluctuantes,praecipitem
877 1510 1054 1608 juvandi,

53 1628 266 1720 occasionem
290 1652 385 1725 saepe
409 1627 581 1724 perdant

162 1742 336 1817 LXXIV.
365 1743 483 1843 Neque
508 1745 596 1816 enim
609 1741 772 1839 audiendi
779 1694 880 1839 sunt,
908 1771 967 1845 qur
956 1710 1042 1818 h’as

60 1865 207 1960 eorporis
233 1862 437 1961 purgationes
460 1863 675 1959 praedicant,
704 1831 834 1939 variolis
861 1863 1039 1937 adventan·
1113 1910 1118 1919 -

39 1986 45 1997 ’
62 1983 177 2078 tibus,
203 1983 430 2081 perniciosas,
453 1997 663 2073 vreuometu
688 1976 1039 2075 vocandimo‘rbum,

49 2131 119 2202 ,per
142 2103 307 2189 atnbitum
331 2107 483 2201 corporis.
500 2103 703 2196 uadentem,
731 2103 775 2197 ad
799 2119 981 2199 centrum,
1008 2119 1041 2180 et

61 2223 242 2318 interiora,
269 2219 358 2309 Nam
382 2219 420 2297 hi„
442 2247 557 2311 omnes
587 2223 622 2295 in
659 2224 799 2319 pessima
838 2222 1041 2304 variolarunr

60 2355 194 2415 naturae
219 2342 421 2438 ignoratione
446 2355 649 2429 versantur:
680 2369 766 2442 quae
779 2358 920 2417 tantum
946 2342 1038 2422 abest

55 2476 99 2539 ut
122 2463 251 2536 vomitu
274 2462 456 2560 praecoci,
471 2477 503 2535 et
528 2461 593 2534 alvi
615 2465 836 2561 purgatione,
856 2491 899 2537 ne
921 2467 957 2537 in
982 2492 1040 2538 cn·
1112 2482 1114 2490 ⁴

59 2582 291 2672 lemannum,
318 2582 519 2666 retineantur
539 2637 550 2674 ,
570 2597 616 2656 ut
639 2589 747 2681 potius
772 2583 823 2658 hia
847 2587 1047 2682 praesidiis,'

59 2698 458 2799 tanquamqretinaculis,
480 2697 607 2788 solutae
622 2698 766 2774 liberius
793 2716 907 2778 cutem
933 2694 1034 2802 appe-

58 2834 128 2893 tent
145 2835 207 2915 ,et
231 2821 357 2917 integro
380 2812 526 2898 Naturae
543 2819 746 2919 indivisoque
770 2822 948 2892 ministerio
964 2848 1039 2919 per·

55 2941 223 3020 fruantur.
250 2938 324 3037 Ipse
348 2939 447 3035 igitur
471 2951 587 3011 auctor
611 2962 710 3029 sum,
740 2951 776 3010 nt
790 2941 961 3035 purgatio,
981 2965 1039 3012 na-

56 3058 216 3159 turalibus
240 3056 370 3133 variolis
394 3056 645 3139 imminentibus
663 3105 672 3138 ,
691 3058 732 3129 sit
748 3059 810 3131 cita
832 3110 841 3130 .
863 3058 1036 3155 Optimam

51 3192 178 3260 autem,
192 3178 345 3276 comperi⁴
364 3202 427 3257 usu
450 3175 538 3272 apud
563 3189 749 3268 nostrates,
775 3200 920 3275 quorum
964 3174 1030 3248 alvi

55 3295 228 3371 irritabiles
253 3297 394 3370 nimium
411 3309 486 3370 sunt
506 3343 516 3381 ,
537 3294 693 3395 facileque
709 3309 888 3369 moventur
905 3350 915 3388 ,
931 3323 1033 3396 quam

54 3424 125 3517 ipse
150 3442 238 3490 nuno
261 3413 436 3505 adhibeo,
463 3417 584 3490 factam
609 3414 675 3488 sale
699 3416 930 3514 Epsomensi,
959 3415 1032 3489 vul-

49 3535 278 3638 goAnglieo
297 3534 377 3626 ,ad
400 3535 533 3608 unciam
557 3533 631 3632 plus
655 3537 765 3607 minus
803 3532 907 3606 multa
946 3561 1032 3635 aqua

53 3654 192 3728 diluto.
222 3653 349 3745 Quae,
379 3651 406 3722 si
431 3650 576 3736 discretis
600 3649 772 3725 haustibus
797 3675 866 3722 uno
891 3647 945 3721 die
970 3650 1030 3720 ab·

50 3789 231 3866 sumatur,
258 3772 340 3847 dum
363 3769 494 3869 expedit
523 3769 587 3850 alvi
617 3771 712 3864 vias,
753 3767 893 3843 tormina
930 3769 1029 3866 ipsa,

51 3895 248 3995 doloresque
270 3889 454 3993 tranquillat
472 3943 481 3964 .
498 3888 601 3981 Quod
616 3917 697 3967 curu
713 3888 887 3977 obseruari
908 3942 917 3983 ,
945 3886 1028 3963 mihi

807 4013 829 4062 r

782 4139 790 4186 i
