2544 4710
510 434 644 534 (55)

69 608 149 666 aare
175 593 236 668 isos
261 619 384 667 novero
398 619 526 685 annos,
543 590 714 690 singularis
729 592 837 662 eventi
854 589 1058 687 experimon-

71 729 107 787 ta-
129 713 174 788 d.
205 717 443 789 narramus
468 712 528 814 (is)
561 769 569 786 .
599 715 671 804 Qui
705 738 747 790 ex
772 712 896 786 cellulis
933 711 989 782 diu
1018 709 1057 778 li·

72 838 140 937 gsti
164 827 284 912 octavi
300 861 481 911 nervorum
506 835 621 934 paris,
649 837 684 906 in
707 859 898 934 quasverm
921 831 1064 906 videbo--
1132 899 1136 906 .

73 965 129 1024 tur
152 951 283 1030 cerebri
308 953 430 1033 humor
453 951 688 1044 descendisse,
716 950 787 1024 non'
820 949 959 1053 quidem
985 949 1059 1046 glu-

73 1074 239 1165 tinosum,
265 1074 322 1158 sed
348 1081 592 1151 tenutissimum
603 1073 746 1165 elicuit,
773 1073 1061 1173 albicantemqne

65 1197 281 1290 ,iquorem
309 1209 340 1268 et
366 1201 530 1270 citissime
555 1197 772 1270 manuum.
800 1194 908 1290 Igitur
923 1191 1058 1281 humor,

71 1340 176 1416 qoem
202 1318 303 1414 pressi
328 1317 419 1389 uerri
445 1330 607 1417 promunt
632 1316 850 1389 concretionis
874 1339 1057 1410 capacem,

76 1462 155 1508 cum
180 1462 287 1545 neque
312 1463 331 1508 a
356 1438 468 1532 spinae
492 1460 600 1527 osvo,
640 1461 749 1536 neque
772 1463 792 1508 a
816 1433 954 1508 cerebro
990 1454 1062 1505 esse
1098 1513 1106 1549 ,ἱ

72 1558 204 1659 possit,
231 1583 334 1658 qoam
359 1558 479 1631 habeat
506 1558 670 1655 originem
695 1569 794 1634 restat
809 1555 1057 1657 inquirendum.

176 1675 316 1748 XXVI.
344 1677 438 1752 Haeo
461 1691 573 1750 autem
598 1679 691 1775 origo
714 1698 872 1774 apparere
908 1703 975 1749 non
1000 1703 1061 1772 po-

77 1798 178 1890 terit,
205 1799 267 1870 nisi
291 1820 404 1873 veram
429 1813 522 1871 antea
547 1801 618 1896 ejus
656 1798 807 1871 humoris
832 1799 946 1871 sedem
981 1799 1063 1871 nafi-

79 1920 236 2003 numus.
265 1920 311 1992 Et
336 1920 471 2021 quidem
496 1919 736 1996 concrescibilis
759 1919 813 1992 ille
837 1918 959 1994 lrumor
997 1946 1063 1990 non

77 2040 111 2120 iu
137 2039 256 2112 fistulis
280 2043 455 2134 nervosis,
482 2067 627 2143 quarum
651 2069 771 2115 cavom
797 2043 915 2140 opinor
940 2041 1067 2118 nomini

80 2163 204 2246 visum,
232 2161 347 2233 sedin
372 2161 498 2260 vaginis
523 2161 684 2236 cellulosis
714 2189 892 2236 nervorum
919 2161 1067 2263 filamen-

80 2294 113 2351 ta
146 2279 444 2376 complectentibus
481 2282 641 2359 contineri
664 2283 825 2355 videtur·
863 2283 977 2373 Quam
1003 2309 1066 2380 ego
1090 2330 1106 2345 u

82 2427 156 2475 rem
180 2400 306 2493 didici,
333 2415 509 2503 postquam
532 2404 703 2504 aliquoties
729 2431 847 2478 neruos
872 2405 979 2497 illos,
1008 2419 1070 2478 ant
1194 2442 1197 2455 ·

80 2549 277 2623 suppares,
306 2524 482 2623 diligenter
515 2529 683 2625 expressi,
720 2551 804 2626 quos
841 2527 1077 2602 Miserarum.

77 2647 201 2720 edixit.
230 2645 282 2718 Itu
302 2671 452 2747 nemque
474 2645 543 2718 vidi
558 2646 755 2720 evadentem
773 2647 867 2721 illum
884 2647 1073 2722 humorem

81 2770 169 2866 inter
193 2791 336 2840 neruum
361 2769 580 2865 reginamque
603 2767 823 2863 patentissime
856 2772 1065 2864 pertransire.

84 2889 199 2978 Quem
223 2889 331 2985 ipsum
355 2896 499 2958 attasnen
525 2887 697 2957 transitum
724 2887 831 2980 potius
843 2911 902 2982 per
912 2887 1068 2979 fistulas

85 3033 285 3102 nervosus,
312 3035 416 3108 quam
439 3033 498 3106 per
521 3008 656 3104 vaginas
685 3030 783 3096 esse,
813 3006 956 3083 fortassis
980 3005 1084 3080 sesti.
1179 3044 1182 3049 ,

84 3141 230 3220 muter,
258 3129 480 3202 Miserrimus
504 3126 708 3213 affirmavit3
734 3125 855 3196 namsi
883 3123 1006 3197 listulas
1028 3115 1070 3197 il·

85 3247 159 3342 las,
185 3249 297 3350 quoad
322 3248 405 3322 effici
430 3251 616 3346 potuisset,
644 3247 768 3344 reginis
783 3259 896 3318 exntm
915 3245 1070 3322 voluisset

87 3369 295 3466 exprimere,
325 3367 404 3441 nihil
429 3370 588 3466 protinusv
614 3364 775 3464 glotinei,
802 3377 840 3437 ut
865 3365 1000 3466 quidem
1035 3368 1071 3440 in

87 3489 375 3574 nmen-nondum
399 3491 528 3587 spinam
552 3490 686 3585 egressis
712 3483 830 3586 (xxv)
855 3485 1069 3578 observavit,

86 3615 248 3712 potuisset
272 3611 417 3686 elicere.
445 3611 558 3695 Potest
592 3612 701 3709 itaque
728 3623 800 3681 tuto
827 3611 895 3705 jam
933 3607 1075 3708 disquiri

90 3866 143 3964 (h)
179 3867 388 3940 BOninvnSis
426 3862 616 3942 Academiae
648 3862 832 3961 Comment.
860 3858 891 3926 Τ
893 3883 956 3924 om.
994 3856 1064 3933 ΠΕ

113 4010 172 4086 .P·
201 4006 247 4056 nrq
277 3981 354 4055 282.
956 3981 959 3988 ·
