2544 4710
170 550 258 636 niem
281 545 479 652 habebant,
506 556 707 652 varietati,
734 568 768 629 et
790 558 1056 637 ramusculorum
1084 557 1147 635 im-

161 680 264 780 plexa
291 677 396 752 iacti.
424 675 616 752 Ramusculi
639 701 720 750 vero
742 702 810 749 non
832 674 965 775 lineae,
985 678 1044 754 sed
1068 681 1146 781 stig-

166 812 297 872 matum
325 795 456 871 ordines
488 821 557 870 esse
588 792 815 870 videbantur:
849 797 895 870 ita
925 805 963 872 ut
984 799 1139 874 'intuenti

163 916 253 991 nulla
278 915 403 990 facilius
426 915 550 1016 species
574 912 742 988 obversari
765 911 945 1012 elegantius
960 913 1140 1010 videretur,

162 1060 268 1135 qnam
291 1034 404 1132 magni
427 1034 523 1107 sessis
547 1031 718 1108 corallinae
741 1033 780 1106 iis
803 1031 937 1142 sedibus
961 1035 1137 1133 appictae.

164 1150 303 1226 Macula
327 1149 454 1245 rubra,
481 1151 638 1252 phlogosi
651 1149 792 1245 similis,
819 1150 887 1223 sine
903 1165 1057 1247 tumore,
1076 1151 1142 1226 lae-

162 1296 246 1347 vam
270 1271 346 1347 colli
370 1287 528 1374 partem,
554 1272 686 1348 laevum
710 1271 882 1347 brachium
908 1297 1004 1369 supra
1028 1273 1143 1348 sedem

164 1386 348 1485 deltoidis,
375 1391 502 1467 laevam
526 1414 674 1485 coxam,
701 1392 809 1467 variae
839 1392 1070 1490 magnitudinis
1094 1394 1140 1472 si·

161 1506 311 1607 girabat.
340 1509 432 1584 Haec
456 1513 542 1583 intra
556 1520 642 1584 ¹octo
667 1509 737 1583 dies
761 1509 960 1583 diluentibus
985 1524 1019 1583 et
1043 1511 1143 1584 suba-

158 1623 246 1698 cistis
269 1637 421 1724 parsum
445 1652 636 1721 evanuere8
666 1625 733 1699 Sed
758 1638 922 1725 possunt,
951 1641 987 1703 ut
1011 1642 1138 1703 metesa

157 1759 391 1845 praeteream,
419 1746 540 1821 indicio
564 1770 659 1842 esse,
685 1773 787 1848 quam
825 1746 919 1820 facile
952 1747 1144 1824 electricum

163 1866 309 1941 flandum
333 1892 451 1941 nervos
476 1881 620 1941 sectetur
640 1922 651 1961 ,
678 1882 711 1939 et
740 1869 928 1941 vim‘suam
965 1860 1000 1940 in
1023 1894 1080 1944 eos
1110 1897 1145 1942 e-

152 2000 322 2082 xerceat„
349 2015 427 2063 cum
451 1988 582 2088 spinalis
605 1987 780 2080 {medullae
810 2014 1054 2089 nervorumque
1092 1992 1144 2062 in·

139 2107 385 2184 -tercostaiium
395 2108 478 2182 adeo
488 2109 639 2185 distincte
664 2100 879 2185 directionem
902 2111 1144 2185 secutumfuis·
1178 2146 1181 2153 ·
1226 2204 1230 2211 Ι

157 2229 194 2291 se
218 2211 401 2288 videntia„

170 2388 200 2399 ,.
261 2329 382 2404 XLII.
408 2328 501 2404 Dum
523 2325 607 2405 haec
633 2345 743 2404 autem
767 2332 991 2406 ministrantur
1022 2331 1142 2407 auxilia

163 2445 271 2544 rotent
294 2470 388 2525 casus
413 2475 481 2523 esse
505 2477 574 2524 non
597 2452 692 2546 rari,
719 2451 900 2551 inquibus
934 2451 1143 2527 vehementia

155 2564 311 2662 doloris,
339 2571 436 2667 cujus
460 2595 593 2642 caussae
617 2595 686 2642 non
709 2572 832 2668 possint
850 2571 921 2667 cito
945 2569 1083 2667 desum,
1100 2573 1142 2644 sit

161 2686 296 2760 interim
320 2686 531 2763 enervanda.
559 2685 665 2786 Saepe
690 2691 781 2761 enim
806 2690 909 2762 noctis
926 2690 1041 2789 quies,
1069 2717 1142 2763 ma-

150 2805 279 2889 chinae
305 2809 513 2902 necessaria,
541 2808 589 2882 ob
614 2809 767 2906 magnam
792 2808 912 2882 doloris
927 2809 1142 2884 acerbitatem

152 2927 334 3007 inusserint.
362 2926 510 3011 Unicum
535 2929 579 3002 ad
601 2926 690 3001 hunc
706 2928 809 3000 finem
827 2982 838 3020 ,
854 2939 951 3026 atque
975 2943 1141 3025 praestans

157 3045 319 3123 auxilinm
346 3055 394 3119 est
417 3048 452 3120 in
476 3049 584 3145 opio:
613 3049 709 3146 cujus
732 3041 909 3144 granulum
934 3044 998 3119 snb
1022 3071 1137 3145 vespe-

119 3214 121 3218 *
151 3180 230 3251 rain
253 3166 447 3266 deglutitum
470 3167 661 3242 ischiadicos
685 3166 888 3242 saevissimos
924 3163 1052 3239 dolores
1089 3168 1140 3241 vi-

152 3286 269 3361 dimus
289 3287 457 3386 insigniter
482 3290 747 3387 compescuisse.
775 3287 883 3386 Cujus
906 3288 958 3361 rei
982 3286 1087 3362 fidem
1102 3312 1139 3360 e·

150 3405 238 3497 *tiam
263 3407 419 3502 praestitit
452 3406 537 3482 inter
561 3407 640 3480 ahos
660 3438 675 3501 ,*
707 3407 867 3480 instituto·
888 3407 924 3481 in
962 3409 1136 3507 semetipso

155 3524 405 3625 experimento,
426 3526 633 3600 Acarnanes
648 3523 804 3600 Kanum
820 3524 1064 3627 Bosauanrn(
1083 3524 1100 3626 )
1121 3580 1132 3600 .

161 3818 208 3925 (a)
234 3832 395 3932 Impetum
417 3832 532 3904 faciens
554 3832 677 3907 dictum
698 3834 893 3906 Hsrnocnarr
916 3810 1006 3901 num.
1034 3828 1111 3914 440.
1169 3895 1174 3904 .
