2544 4710
334 377 380 457 s.
575 369 734 471 (³2⁵)

172 525 357 600 vulsionum
383 527 525 600 maxima
551 532 598 602 vis
614 556 624 619 ;
643 555 723 628 quas
748 554 916 630 nunquam
942 528 1008 602 vidi
1035 531 1151 602 morti·
1192 625 1194 630 .

170 648 265 734 seras,
294 650 352 721 nisi
377 647 508 748 quando
522 649 661 742 ¹fructa—rs
684 652 861 748 eruptionis
886 650 1062 750 impeditus
1078 650 1148 724 fue·

170 766 216 835 rit
240 764 256 865 (
281 792 374 859 xurx,
402 793 460 840 arv
486 773 527 861 ),
547 782 580 840 et
605 769 798 872 retardatus.
829 769 1039 872 Quamquam
1057 796 1148 843 com-

170 883 319 956 moditati
336 884 586 959 convulsionurn
606 885 686 960 illud
702 891 803 961 etiam
819 888 953 976 accedit,
969 887 1061 989 quod
1079 916 1150 961 ma·

171 994 303 1078 chinum
326 1019 461 1103 arguant
487 1006 623 1104 putridis
648 1006 794 1106 malignis
819 1005 1149 1084 humoribusnonni·

168 1121 276 1192 mium
301 1121 455 1196 obsitam.
484 1125 572 1198 Nam
597 1126 631 1198 in
656 1126 777 1226 quibus
801 1124 973 1199 variolosis
1008 1124 1148 1224 putredo
1247 1126 1248 1131 ’

168 1263 247 1310 vera
272 1238 416 1313 abundat
441 1242 474 1315 in
501 1241 564 1314 alvi
590 1245 649 1314 viis
670 1301 680 1338 ,
706 1258 739 1315 et
764 1245 945 1344 sangume,
972 1257 1029 1317 aut
1054 1245 1148 1341 fuga-

168 1383 221 1429 ces
245 1373 277 1430 et
303 1359 400 1454 leves,
429 1374 484 1434 aut
509 1358 616 1433 nullae
641 1364 775 1436 omniuo
800 1361 1028 1437 convulsiones
1051 1365 1146 1461 prae-

166 1478 286 1551 cudent
306 1536 315 1573 ‚
333 1479 454 1579 putridi
479 1482 589 1554 afllatn
615 1481 790 1555 debilitatis
815 1482 918 1555 veluti
943 1484 1065 1576 nervis,
1085 1484 1153 1581 mi-

169 1617 297 1698 nusquo
323 1589 559 1673 sadsibiiibus:
600 1627 639 1674 ex
666 1600 733 1701 quo
758 1616 790 1675 et
814 1617 851 1674 ut
875 1603 1003 1700 signum
1029 1600 1151 1700 proba·

168 1715 263 1799 biles,
279 1732 310 1788 et
336 1732 372 1789 ut
397 1744 526 1790 caussae
543 1733 631 1790 sunt.
659 1719 731 1791 Etsi
756 1719 798 1792 ad
822 1720 942 1816 putridi
969 1719 1152 1796 absentiam

168 1837 330 1933 optimum
350 1835 438 1906 mihi
463 1835 620 1909 indicium
647 1851 725 1929 est,
762 1839 790 1909 si
814 1836 929 1910 cibum
964 1840 1074 1936 cupiat
1097 1865 1153 1910 ae·
1263 1844 1264 1847 ’

168 1981 225 2054 ger
249 1958 281 2027 in
309 1955 560 2029 convulsiouum
586 1955 793 2050 intervallis,
830 1971 861 2031 et
886 1954 1010 2030 lectum
1036 1972 1152 2056 sponte

168 2090 359 2165 aversetur3
386 2075 467 2149 haec
493 2079 581 2149 eninr
607 2076 734 2151 viribus
751 2077 894 2150 infractis
921 2074 1083 2151 Naturam
1102 2106 1155 2152 ar·

167 2210 271 2294 gaunt
296 2199 381 2268 serre
420 2195 570 2271 variolas.
614 2197 785 2270 Praeterea
826 2199 947 2294 pulsus
971 2203 1154 2274 cor-stantia

166 2316 357 2416 quaedam,
386 2328 418 2387 et
441 2342 543 2414 parva
572 2343 592 2387 a
617 2313 753 2387 naturali
779 2324 879 2388 statu
906 2315 1074 2390 diversitas
1099 2332 1149 2391 est

165 2464 267 2537 quam
292 2439 435 2509 maxime
451 2434 724 2509 commendabilis
743 2463 753 2524 ;
781 2437 838 2536 qui
857 2492 865 2528 ‚
886 2437 967 2536 quid
984 2442 1152 2512 venenum

164 2557 201 2627 in
226 2580 360 2651 corpore
375 2556 562 2649 invenerit,
589 2555 734 2655 quidque
766 2557 912 2641 efficiat,
939 2560 1066 2656 optiri're
1091 2558 1152 2631 do-

154 2651 217 2746 eet
237 2727 246 2744 .
276 2673 365 2745 Nam
388 2671 503 2771 pulsus
523 2729 532 2765 ,
551 2671 717 2747 obtinente
734 2674 895 2748 varioloso
913 2700 1038 2749 veneno
1058 2733 1068 2771 ,
1089 2691 1153 2750 sta·

162 2796 224 2866 tim
250 2793 328 2867 solet
366 2794 400 2864 in
439 2791 595 2880 omnibus
622 2792 821 2893 frequentior
854 2794 926 2866 fieri
953 2850 961 2864 .
988 2796 1050 2868 Ea·
1073 2823 1150 2868 vero
1207 2795 1211 2804 “

163 2913 343 3012 frequentia
369 2909 468 2982 febris
494 2935 638 3003 verane,
665 2909 819 3012 bonaque
852 2914 919 3005 sit,
958 2939 999 2983 an
1026 2928 1152 3012 pertur-

163 3031 256 3106 batio
281 3028 528 3126 circulationis,
557 3047 589 3104 et
613 3033 770 3134 inquies,
805 3058 870 3132 qua
903 3034 1019 3106 veneni
1058 3061 1153 3133 prae-

165 3154 334 3244 sentiam,
361 3165 516 3252 tanquam
541 3149 769 3224 tumultuantis
792 3150 923 3243 hostis,
951 3147 1094 3250 arguat,
1121 3166 1154 3225 et

164 3296 267 3372 quam
292 3266 373 3338 ferat
387 3271 533 3366 potius,
561 3273 664 3370 quam
691 3267 807 3348 efficiat
836 3263 993 3360 Natura,
1022 3267 1156 3342 difficile

120 3483 122 3488 ,
166 3391 396 3464 dictumest.
438 3389 508 3473 Sed
532 3390 600 3462 fere
632 3390 661 3461 ei
698 3389 894 3488 cuicumque
931 3389 1066 3483 motui,
1094 3392 1154 3462 etsi

162 3535 261 3610 quem
304 3507 405 3579 finem
429 3523 623 3606 spontaneae
647 3505 731 3580 febri
754 3507 930 3582 tribuimus
968 3507 1156 3590 eliminandi
1212 3578 1218 3588 .

165 3627 323 3719 morbidi¹
337 3629 446 3723 desit,
472 3628 563 3729 quod
589 3629 697 3729 potius
720 3630 755 3703 in
779 3628 948 3706 variolosis
971 3628 1072 3704 febris
1088 3633 1172 3721 ina-J

162 3751 252 3852 pedit
277 3748 355 3849 (nv
372 3747 413 3849 )‚
440 3763 473 3822 et
498 3764 626 3849 auget,
654 3752 782 3851 siguum
808 3767 918 3826 tamen
956 3777 1071 3828 verum
1085 3787 1092 3794 ·
1107 3751 1155 3824 fe·
1206 3797 1207 3801 =

138 3867 233 3951 -Kbris
258 3895 324 3944 non
359 3868 470 3967 deest,
498 3896 598 3972 quam
624 3869 657 3942 in
677 3883 856 3968 spontanea
882 3869 1023 3969 pulsuS,
1052 3868 1155 3944 stabi·
