2544 4710
137 572 239 625 nervo
263 549 376 624 nunus
399 564 524 625 nocet.
553 552 637 626 Inde
662 552 775 627 videor
807 547 1020 648 intelligere,
1056 573 1115 621 cue

136 694 233 766 saepe
256 668 371 744 ischias
394 671 429 744 in
454 671 554 746 initiis
578 675 618 746 sit
642 675 795 747 continua
814 725 825 763 ,
843 670 899 745 fiat
914 683 1028 767 postea
1041 693 1117 741 sen-

137 791 202 863 sim
224 791 442 874 intermittens
472 790 555 895 (rr)
572 847 582 867 .
600 792 699 867 Tales
714 817 858 891 nanque
876 788 1034 863 ischiades
1050 790 1117 864 acri

138 908 281 988 materia¹
299 909 423 1007 genitas
446 932 514 984 erse
540 925 650 1009 puto,
678 936 764 1011 quae
803 909 908 982 donec
945 907 1117 1002 diluatur,

141 1025 304 1107 actuosior
328 1041 413 1122 est,
441 1026 675 1128 stimulumque
699 1029 861 1125 progignit
876 1027 1117 1125 perennioremz

140 1141 272 1238 diluta,
299 1146 361 1228 uisi
385 1172 472 1222 novo
498 1145 641 1247 impulsu
664 1163 796 1231 actuosa
822 1147 907 1240 liat,
933 1171 1048 1245 prope·
1063 1145 1121 1220 de·

145 1264 221 1336 sinit
245 1264 465 1349 insaerivire.
492 1265 622 1364 Accipit
646 1292 724 1350 vero
749 1264 927 1365 impulsum
954 1276 1010 1338 aut
1027 1260 1123 1337 calo.-

82 1394 85 1401 '
141 1407 192 1475 re
215 1382 349 1478 nimio,
378 1397 436 1468 aut
472 1383 649 1468 musculari
681 1397 775 1456 motu
805 1381 987 1482 plurimum
1025 1392 1121 1462 aucto

142 1499 300 1603 (xxxn);
329 1504 451 1604 quibus
481 1505 563 1589 solet
602 1531 644 1578 ex
668 1505 789 1583 caussis
815 1501 930 1583 ischias
955 1501 1117 1577 interruit.

143 1634 215 1700 tens
238 1623 466 1722 intempestive
478 1622 678 1706 exacerbari.
706 1621 854 1722 Ideoque
887 1624 924 1694 in
955 1618 1006 1697 his
1043 1620 1125 1691 cosi·

142 1741 208 1828 bus
232 1742 337 1822 donec
361 1747 445 1830 intra
477 1746 610 1843 vaginas
644 1743 809 1825 ischiadici
826 1742 932 1814 nervi
969 1737 1124 1821 collectus

143 1859 265 1945 humor
289 1864 453 1963 quiescit,
479 1863 569 1964 quod
593 1890 688 1960 saepe
713 1862 853 1941 interdiu
878 1861 946 1955 fit,
982 1860 1124 1958 torporis

143 1985 180 2066 in
204 2011 301 2070 crure
327 2011 471 2076 sensus,
499 2012 567 2068 non
592 1982 741 2079 doloris,
768 1985 888 2060 adest:
924 2009 1024 2081 quem
1053 2006 1127 2053 sena

141 2129 221 2186 ‚sum
246 2118 329 2202 puto
355 2101 399 2174 ab
423 2101 571 2176 humoris
596 2100 722 2184 collecti
746 2101 889 2201 pondere
920 2113 1035 2172 uatum
1051 2124 1126 2197 per÷

144 2224 251 2322 petius
275 2226 310 2296 in
337 2250 477 2298 nervum
502 2220 722 2294 incumbentis
744 2246 754 2309 ;
782 2233 882 2294 cessat
907 2212 960 2290 ille
985 2232 1126 2314 torpor,
1159 2304 1162 2311 Ι

90 2345 92 2350 ’
146 2340 306 2417 redeunte
331 2340 471 2430 dolore;
502 2367 613 2413 seusus
637 2343 771 2434 minor,
803 2339 976 2413 accedente
994 2337 1126 2436 majori,

146 2462 199 2549 Ea
223 2475 363 2561 tamen,
391 2489 618 2564 quaecumque
642 2463 712 2555 sit,
740 2460 900 2561 hydropis
915 2459 1034 2534 utilitas
1058 2455 1130 2533 ma÷

148 2584 220 2681 gnis
246 2595 333 2659 certe
358 2581 514 2675 damon,
541 2606 625 2683 quac
651 2579 819 2680 paullatim
843 2579 971 2673 insert,
999 2604 1133 2676 superae

146 2714 231 2786 tur.
260 2701 379 2794 Naro,
404 2700 562 2801 hydrope
586 2714 663 2787 natu
690 2756 700 2794 ‚
729 2701 789 2774 etsi
814 2696 907 2783 dolor·
930 2695 1128 2791 interantur,

147 2821 254 2926 passio
278 2834 392 2907 tamen
430 2820 673 2915 confirmatur,
702 2818 892 2919 longiorque
932 2817 999 2903 fit;
1036 2841 1133 2914 saepe

149 2943 248 3030 etiarn
261 2941 356 3031 dolor
368 2943 436 3048 ipse
462 2939 720 3030 exacerbationis
736 2954 887 3037 tempore
902 2939 1027 3020 saevior
1040 2965 1133 3011 corn-.

148 3076 267 3170 paret.
297 3063 393 3171 Quae
433 3065 544 3162 major
580 3063 714 3168 saeritia
739 3072 795 3141 aut
834 3062 913 3160 qnia
937 3062 1069 3154 sanguis
1095 3060 1132 3137 in

150 3183 278 3271 diesin
301 3183 516 3267 ischiadicurn
542 3210 711 3275 nervum,
739 3179 870 3266 habitus
892 3179 963 3277 'jana
997 3206 1133 3277 pervere

149 3307 206 3399 si,
235 3330 357 3384 novam
380 3332 489 3394 acrem
514 3295 688 3393 roaterianr
717 3302 878 3401 deponit3
907 3317 962 3375 aut
987 3305 1064 3403 quia
1081 3329 1133 3374 sc-

149 3420 219 3511 ruel
243 3422 388 3520 deposita
413 3450 503 3498 mora
528 3426 612 3503 faeta
635 3436 683 3529 est
709 3419 879 3510 deterior;
915 3436 971 3495 aut
995 3422 1074 3525 quia
1100 3447 1135 3505 se

153 3539 288 3614 tandem
312 3543 421 3640 potius
447 3540 500 3614 illa
525 3542 675 3615 materies
707 3541 899 3638 contagione
936 3537 1133 3636 nradtiplica-

153 3664 201 3751 vit
226 3719 236 3756 ‚
263 3675 371 3773 potest
394 3663 497 3751 oriri.¹
524 3661 686 3773 Valetque
712 3661 746 3747 in
777 3663 893 3771 prioris
931 3661 1136 3756 contagionis

156 3781 234 3876 ris,
261 3779 396 3882 quando
422 3781 505 3869 acris
530 3780 665 3881 materia
689 3807 828 3865 nervum
861 3781 992 3866 irritans
1019 3784 1137 3871 indolis

155 3915 204 3989 est
228 3927 416 3998 pencrcaec
442 3898 546 4007 qualis
567 3886 693 3994 lentiam,
730 3898 777 3988 nb
802 3897 946 3989 indolem
985 3898 1142 3988 iscltiadiu
