2544 4710
554 400 572 501 (
597 397 671 498 2⁶4
694 397 713 501 )
731 453 733 460 ·

140 573 319 653 rarioiandi
343 575 558 665 facultatem.
584 529 687 669 Quod
720 573 809 651 idern
843 576 916 669 sit,
942 601 1011 678 qno
1036 576 1124 651 sinus

139 699 241 789 etiam
264 723 379 773 omues
403 723 488 774 cum
506 696 642 773 naribus
667 697 839 789 continui,
863 709 899 769 et
917 722 983 772 una
1016 692 1123 784 induti

113 824 115 827 ’
140 818 304 917 pituitaria
328 820 458 895 narium
485 812 678 893 membrana
705 815 821 889 cadem
846 813 1001 890 facultate
1036 815 1124 888 'defi-

142 941 300 1013 cianture
326 951 365 1034 ut
390 951 424 1012 et
449 936 599 1039 pharyux
624 938 693 1034 ipsa
718 933 869 1009 deficitur
891 933 933 1007 ad
960 935 1126 1009 sedeesuss

140 1065 237 1139 prema
259 1041 390 1136 narium
415 1039 476 1115 uiis
498 1038 670 1138 propiores
690 1092 701 1112 .

123 1247 124 1250 Ἴ
242 1158 328 1231 LII.·
351 1158 488 1235 Etenim
524 1155 747 1255 sidiligenter
781 1154 1004 1253 perpendatur
1034 1153 1123 1256 'quid

141 1261 233 1348 a'eris¹
252 1274 386 1348 attactui
410 1273 540 1346 narium
574 1294 689 1358 caveas
725 1269 882 1345 tranantis
916 1270 1031 1364 desit,
1057 1299 1125 1373 quo

143 1418 210 1482 non
236 1405 344 1467 careat
367 1389 438 1464 aliis
460 1388 569 1482 locis,
597 1387 718 1490 quihus
741 1390 811 1468 vim
836 1386 1022 1486 pustulandi
1039 1403 1125 1462 certe

143 1507 268 1602 affert,
295 1505 492 1606 apparebit,
519 1517 630 1592 aerum
654 1529 749 1579 nares
773 1517 997 1604 permeantem
1035 1505 1125 1579 nuile

145 1624 250 1698 modo
275 1651 371 1722 pesse
394 1622 625 1698 membranam
650 1623 739 1696 iliam
757 1623 907 1723 undique
926 1626 1043 1722 pituita
1063 1681 1073 1714 ,
1092 1640 1121 1699 et

13 1783 14 1786 π
144 1743 339 1813 mucositate
377 1741 578 1826 diffluentem
610 1744 814 1839 persiccare,
842 1740 1122 1840 quemadmodum

147 1858 270 1959 reliqua
295 1845 389 1935 {incide
413 1861 571 1958 persiccat
594 1858 692 1954 luca,
721 1887 806 1960 quae
820 1860 934 1940 tibere
959 1863 1116 1958 attingit.

144 1978 264 2078 anue
287 1979 478 2076 persiceatie
499 2005 577 2050 cum
601 1980 643 2050 sit
670 1979 704 2050 in
728 1979 893 2076 pituitaria
918 1979 1123 2077 ,perdifficilis

151 2096 220 2179 uias
243 2096 376 2168 narium
400 2096 588 2188 vestiente,
615 2109 688 2168 tum
714 2122 792 2169 reru
820 2097 854 2168 in
886 2095 1043 2191 finibus,
1069 2099 1135 2198 qui

147 2216 188 2289 ad
213 2217 297 2313 ipsas
320 2196 418 2288 nares
435 2217 617 2316 pertinent,
645 2229 693 2288 est
718 2214 964 2314 propemodum
1004 2220 1123 2316 impen-

147 2336 277 2427 sibiiis,
304 2334 538 2430 redundante,
577 2347 609 2407 et
635 2348 793 2435 tanquam
824 2335 866 2407 ad
905 2340 1121 2410 conservatio,

148 2483 225 2557 nem
250 2456 286 2535 in
311 2454 349 2525 iis
373 2454 537 2548 collecta,
564 2457 785 2527 mucesitate.
814 2455 868 2527 nd
893 2483 976 2556 quus
999 2461 1120 2552 xsinae,

147 2573 206 2643 etsi
232 2581 287 2645 adr
310 2573 489 2668 exspiratus
513 2598 642 2669 semper
673 2573 838 2665 immeat,
858 2587 891 2647 et
904 2576 1050 2649 maxime
1066 2605 1123 2650 νο,

148 2689 256 2784 calis,
282 2691 522 2792 persircatiunis
545 2690 714 2782 effectus,
741 2691 881 2765 etadeo
897 2693 1123 2794 pustulatiunis

144 2837 214 2882 non
240 2811 419 2908 pervenit.
446 2809 534 2882 Nam
559 2806 693 2885 variolis
713 2809 881 2908 pustulare
903 2825 1037 2886 tanturn
1050 2841 1122 2912 pus-¹

149 2954 185 3000 se
210 2925 314 3019 ioca,
341 2951 426 3024 quae
456 2924 558 2997 libere
594 2927 723 3023 attingit
752 2937 836 3021 aer,
869 2941 902 3001 et
938 2931 1123 3029 attingenda

148 3051 349 3135 ransrccnr,
385 3043 580 3142 documenta
615 3058 691 3118 sunt
721 3044 863 3148 plurima
894 3050 1121 3149 innegabilia,

82 3223 85 3233 ,.
148 3167 268 3263 partim
293 3177 468 3260 spontese
493 3164 684 3238 declarantis
708 3167 882 3260 Naturae,
910 3181 947 3241 et
980 3169 1123 3269 piraeum

149 3281 255 3380 menis
279 3277 458 3378 eloquentis
477 3335 486 3372 ,
505 3281 631 3378 partim
655 3295 723 3356 arte
746 3281 900 3370 institutis
923 3287 1122 3383 experimen.

150 3399 191 3469 tis
217 3393 377 3486 coactae.
407 3401 518 3475 Densa
542 3399 704 3499 sylvescat
728 3402 872 3505 capillo,
891 3417 925 3479 et
949 3390 1123 3504 multo,et

150 3513 293 3612 oblongo
317 3514 484 3610 calvaria,
527 3521 822 3619 muniaturprebe
857 3525 986 3625 capitali
1011 3530 1058 3601 sic
1088 3541 1122 3606 ut

150 3632 287 3736 calescat
311 3633 364 3736 ilia
385 3635 506 3731 regio,
534 3648 568 3714 et
582 3637 901 3738 perspiratucapiliis
913 3623 1041 3718 irretito
1055 3669 1125 3718 ma-

153 3753 291 3844 descat,
319 3750 434 3849 adjuro
459 3748 541 3850 (ee
565 3737 619 3840 me
643 3748 846 3829 certitudinis
869 3760 991 3850 evexit,
1013 3759 1125 3852 obser

61 3937 66 3948 .
157 3873 243 3954 ratio
268 3859 389 3948 centies
410 3874 552 3958 instituta
575 3874 600 3978 )
618 3877 783 3977 pustulam
798 3862 1003 3988 ⁴runcinam
1019 3935 1037 3982 ,-
1059 3915 1128 3988 qua
