2544 4710
544 374 655 478 (28⁰
681 356 721 475 )ΙΙ

140 561 233 612 mero
258 524 470 607 dissectarum
495 528 693 605 cadaverum
718 528 847 602 variolis
871 529 1122 622 extinctorum,

140 653 339 731 ostenderim
364 679 512 728 caussam
529 678 703 750 agnoscere
720 675 900 750 perennem
916 649 1035 750 inqua
1050 662 1125 724 sunt

138 777 429 874 humidationern,
458 806 477 848 a
501 801 567 876 qua
592 769 970 847 venenumvariolosum
994 774 1125 871 penitus

139 895 344 986 abhorreat;
371 900 416 968 ita
440 895 545 968 videri
570 907 713 992 posset,
740 892 782 966 de
815 895 899 965 veris
924 889 1122 965 variolarum

140 1016 275 1110 sedibus
300 1029 459 1114 suscepta
493 1015 639 1114 quaestio
676 1015 762 1087 sanis
793 1013 1023 1087 fundamentis
1039 1014 1124 1086 defi·

140 1137 238 1228 nita,
266 1149 303 1208 ut
328 1137 391 1208 sint
417 1133 539 1209 scilicet
562 1134 654 1207 sedes
678 1133 751 1206 illae
775 1150 881 1232 partes
904 1137 1002 1208 unice
1023 1140 1128 1206 'exte-v

142 1260 244 1332 riores
264 1313 274 1351 ‚
302 1258 380 1356 quia
405 1253 449 1326 ab
474 1259 548 1326 edre
571 1254 797 1355 persiccabiles
818 1311 826 1327 .
847 1254 913 1328 Sed
932 1259 965 1328 in
989 1255 1053 1330 bac
1079 1270 1126 1330 to·

143 1391 177 1448 ta
202 1400 238 1446 re
263 1376 289 1446 si
314 1375 402 1473 apird
427 1374 540 1446 doctos
564 1377 678 1465 viros,
707 1377 849 1448 maxime
873 1378 901 1448 si
925 1376 1123 1450 cadaverum
1151 1444 1154 1451 .

142 1493 379 1569 variolosorum
419 1494 570 1591 peritae,
598 1508 630 1565 et
655 1492 800 1591 diligenti
838 1491 1060 1568 observationi
1092 1522 1123 1568 se

143 1612 383 1710 applicuerint,
411 1611 491 1684 fides
515 1625 601 1685 certe
626 1639 692 1685 non
716 1611 847 1705 doerit,
874 1613 1029 1713 equidem
1043 1615 1123 1712 apud

145 1733 247 1828 illos,
274 1736 334 1832 qui
357 1759 527 1832 nunqnam
551 1735 587 1804 in
602 1731 957 1807 cadavervariolosum
981 1737 1124 1834 inspexe-

145 1857 241 1947 rint,
270 1869 302 1924 ot
328 1879 369 1925 ex
394 1851 533 1948 aliorum
558 1851 841 1928 observationibus
864 1879 899 1926 se
916 1881 987 1928 rem
1005 1870 1123 1928 tantam

149 1977 321 2050 decernere
344 2001 440 2073 posse
464 1974 629 2067 credunt,
657 1988 800 2074 atquae
823 1972 979 2048 hactenus
1014 1977 1128 2051 tradidi

145 2108 215 2168 rata
240 2093 423 2166 habeantur
443 2154 453 2185 ,
473 2118 541 2164 non
556 2119 693 2191 parvam
711 2094 780 2166 fore
794 2093 1020 2169 difficultatem
1039 2123 1127 2196 proe-

147 2213 272 2285 video.
300 2213 407 2284 Tanta
433 2222 481 2283 est
505 2212 594 2284 enim
629 2212 824 2310 scriptorum
842 2270 845 2274 -
864 2214 963 2288 turba
996 2218 1128 2291 verniolas

149 2330 337 2404 observatas
362 2333 571 2404 asserentium
595 2331 631 2403 in
654 2331 735 2405 locis
759 2333 1003 2428 interioribus,
1033 2350 1065 2408 et
1087 2335 1129 2406 ab

149 2453 232 2523 ao'ris
257 2455 456 2525 commercio
480 2452 640 2547 remotis,
666 2467 704 2526 ut
728 2452 754 2524 si
777 2453 907 2528 illorum
931 2456 1130 2533 obser-vatio·

148 2596 207 2642 nes
231 2570 298 2644 sive
322 2597 490 2665 numero,
518 2573 585 2643 sive
602 2572 791 2645 aumoutate
809 2627 820 2665 ,
840 2577 953 2669 meir,
978 2573 1130 2648 aliorum·

152 2718 220 2791 que
243 2694 567 2789 praestatissimorum
592 2691 782 2786 Virorum,
809 2696 867 2795 qui
893 2697 976 2767 meis
1015 2696 1130 2769 similes

150 2811 321 2891 nonnullas
346 2812 573 2912 protulerunt,
592 2809 874 2890 observationibus
889 2806 1128 2915 comparentur,

150 2929 212 3003 liae
236 2956 386 3028 prorsum
412 2929 625 3028 dispereant.
653 2929 727 3028 Ipse
753 2957 833 3005 vcro
857 2932 948 3008 dum.
962 2937 1129 3032 ingenue,

152 3074 237 3148 quae
262 3047 402 3120 viderim
426 3075 465 3122 ea
489 3076 554 3149 qua
577 3049 671 3146 potui
696 3048 860 3147 diligentia
874 3056 1024 3127 enarravi
1042 3108 1053 3150 ,
1071 3082 1132 3134 non

152 3169 287 3268 quidem
311 3167 413 3243 habui
437 3171 473 3242 in
497 3172 609 3243 animo
634 3169 724 3242 Viris
748 3169 810 3243 illis
834 3175 972 3246 summis
997 3174 1059 3252 alia
1078 3176 1133 3248 do

152 3285 327 3381 centibus,
354 3315 436 3388 quos
461 3293 605 3364 maxime
629 3316 795 3383 venerer,
823 3290 913 3362 etin
938 3291 1065 3367 honore
1076 3293 1138 3366 bar-1

152 3412 252 3485 bearn
276 3409 717 3510 „quidquam-detrahere.
745 3406 870 3484 Libere
900 3423 1031 3486 tantum
1054 3439 1134 3513 quae

61 3531 64 3535 ’
151 3529 291 3604 viderim
303 3528 460 3627 protuli,
489 3527 589 3601 libere
605 3554 690 3629 quae
707 3531 891 3623 senserim,
907 3533 1034 3628 nemini
1046 3557 1136 3630 pror·

71 3678 75 3689 ¹
155 3679 231 3725 sum
256 3652 317 3728 nisi
343 3651 471 3721 veritati
495 3650 633 3723 candide
665 3651 913 3724 satisfacturus.
955 3651 1025 3740 Qui
1049 3653 1139 3726 enim·

155 3771 192 3843 in
215 3797 252 3844 re
277 3769 413 3843 diversis
434 3767 716 3844 observationibus
746 3770 956 3871 controversa
995 3768 1140 3844 Naturae

154 3917 255 3967 vocas
278 3888 323 3963 ab
347 3888 520 3985 hominurn
546 3891 613 3971 siue
636 3890 871 3992 opinionibus,
890 3892 960 3967 sive
983 3888 1138 3971 illusioni-
1161 3992 1163 3999 Α
