2544 4710
542 389 560 494 (
585 368 655 471 260
672 390 697 492 .)

143 549 304 637 sabutota
316 547 486 649 primario
511 547 656 639 consistit
671 546 814 632 hominis
832 543 942 622 insueti
959 542 1043 643 labe
1062 567 1119 636 ra*

144 672 274 780 riolosa.
303 671 357 745 Ex
382 697 449 773 quo
474 667 655 770 plurimum
680 670 813 742 interest
852 669 979 766 generis
1003 667 1120 741 huma·

147 795 203 886 ni,
229 790 387 894 nequod
412 787 685 889 impedimentum
711 788 809 862 etiam
823 789 868 867 ‚in
895 803 969 861 cute
996 786 1119 885 adven-

23 1002 25 1006 ,
146 910 229 983 tanti
254 935 384 983 veneno
407 920 612 1008 opponatur,
639 908 688 998 uti
712 919 800 980 certe
824 907 859 980 in
884 904 962 990 lucis
986 908 1120 981 interiu-

142 1030 238 1126 ribus
262 1031 453 1129 opponitur,
466 1054 533 1130 quo
558 1026 759 1128 nequidem
784 1026 818 1098 i'n
844 1051 882 1105 ea
905 1026 1040 1126 figatur,
1061 1052 1119 1100 uec

143 1148 303 1223 haereat.
332 1144 476 1238 Qualem
499 1145 635 1224 obicem
658 1169 831 1220 occurrere
855 1163 979 1244 posse,
999 1146 1057 1246 qui
1082 1145 1121 1218 de

144 1266 223 1339 aede
247 1268 358 1358 cutis,
386 1266 514 1359 unica,
553 1277 587 1337 et
611 1261 711 1360 veluti
737 1261 884 1357 dilecta,
930 1277 1042 1337 arceat
1066 1291 1120 1351 ιιι·

142 1384 304 1459 riolarum
330 1386 537 1477 materiam,
563 1396 595 1479 et
619 1371 784 1482 repellat,
809 1379 1028 1454 dubitandum
1058 1405 1122 1463 non

148 1515 226 1591 est3
252 1527 332 1599 nam
356 1501 470 1574 multis
493 1437 642 1599 pustulae
667 1512 837 1600 apparent,
864 1525 952 1606 quae
975 1513 1054 1572 suut
1074 1501 1120 1572 ni·

148 1619 221 1695 doti
245 1619 363 1693 veneni
390 1618 554 1711 variatos,
574 1632 631 1693 aut
655 1644 799 1719 paucae,
825 1631 886 1690 aut
910 1615 1034 1713 nullae,
1056 1599 1119 1690 sru

139 1755 212 1816 stra
235 1740 329 1815 diu
319 1743 452 1815 interim
476 1740 670 1840 urgentibus
693 1737 987 1843 symptomatibus
1000 1737 1115 1821 veneni

137 1862 339 1964 intrinsecus
364 1860 558 1953 oberrantis,
574 1873 616 1934 et,
632 1875 789 1962 tanquam
813 1885 871 1933 sua
888 1849 965 1963 leda
980 1859 1120 1943 ‚exclusit

146 1979 275 2072 ¹indicio
305 1981 385 2052 satis
409 1978 580 2052 ananiksto
605 1981 744 2078 oppositi
767 1980 802 2056 in
826 1992 900 2075 cute
926 1967 1120 2072 obstaculi,

149 2099 242 2199 quod
266 2099 524 2196 permanentiam
549 2095 595 2168 illi
614 2095 827 2194 denegaverit.
849 2091 866 2195 (
890 2121 972 2170 xmv
999 2094 1031 2196 ).
1059 2094 1123 2198 Cu7
1165 2171 1167 2191 Ι

146 2221 199 2318 jus
220 2244 315 2292 error
337 2243 398 2316 per
412 2219 575 2290 ,interiora
588 2217 626 2288 >si
652 2217 837 2316 perdurat,
863 2213 916 2318 vel
942 2217 1032 2316 quia<
1049 2198 1121 2288 cum

144 2334 307 2433 sanguine
327 2334 452 2407 diutius
477 2348 610 2409 motum
634 2336 740 2408 acrius
755 2335 816 2429 fit,
832 2350 866 2407 et
889 2358 924 2408 se
940 2335 1052 2432 ipsum
1067 2321 1119 2409 au-

34 2472 36 2476 ’
89 2465 92 2469 ’
150 2467 220 2550 get,
240 2453 291 2527 vel
304 2454 382 2555 quia
404 2465 512 2551 partes
536 2452 680 2524 internae
704 2479 772 2526 nou
786 2466 866 2526 sunt·
885 2450 1025 2527 -sereudo
1049 2452 1118 2525 ‹llu-

157 2575 222 2649 tius
244 2595 402 2668 maeno,
429 2588 464 2645 et
488 2572 533 2645 ab
558 2575 629 2673 ejus
664 2574 845 2672 praesentia
869 2571 1121 2675 imbecillitatem

147 2693 316 2794 quandam
353 2694 546 2792 accipiunt,
572 2717 639 2794 qua
663 2692 810 2766 naturale
834 2719 952 2794 earum
992 2692 1122 2786 robur,

150 2827 184 2914 et
207 2815 259 2888 vis
282 2809 452 2913 paullatim
477 2813 698 2906 imminuitur,
711 2901 713 2905 f
726 2812 843 2912 turbae
867 2810 979 2907 illius,
999 2827 1060 2887 aut
1076 2838 1121 2887 se·

154 2934 234 3031 rlem
259 2934 295 3008 in
317 2960 421 3034 quam
443 2957 480 3005 se
504 2932 647 3031 infigat,
673 2945 730 3005 aut
755 2933 881 3007 exitum
904 2917 1120 3067 quaerentis,

148 3053 354 3127 immensum
379 3063 552 3150 augentur,
569 3063 603 3123 et
627 3059 695 3125 non
720 3075 839 3127 neruos
845 3053 1046 3153 quiescere,
1063 3078 1124 3128 ιιοιι

150 3165 318 3242 musculus
340 3169 429 3252 sinit,
458 3195 525 3242 non
549 3193 640 3260 vasa,
667 3170 838 3244 demum
829 3195 897 3273 apsa
920 3172 1011 3270 justo
1037 3184 1124 3284 motu

149 3284 357 3383 sanguinem
367 3285 593 3359 circumferre.
621 3287 668 3362 Et
685 3286 805 3362 hoe
776 3314 847 3391 elus
862 3288 1011 3388 longius
1014 3318 1056 3365 ac
1069 3279 1123 3390 par

86 3422 91 3432 ·
148 3414 199 3474 est
228 3403 364 3477 interius
385 3405 504 3481 retenti
526 3395 685 3478 effectum
707 3420 759 3521 est
781 3409 1026 3509 praecipuum,
1049 3433 1124 3509 con·

155 3500 320 3596 vulsiones
343 3525 525 3600 mortiferas
551 3549 718 3633 movere,
745 3539 779 3600 et
804 3553 880 3602 vam
904 3554 1083 3639 rumpere,
1086 3556 1122 3607 ac

149 3641 320 3737 sanguinis
344 3641 488 3716 efficere
494 3653 589 3720 extra
614 3667 692 3717 vasa
713 3669 773 3718 sua
798 3638 1004 3739 effusiones.
1033 3632 1118 3721 Nam

148 3769 189 3832 ut
212 3782 269 3831 eos
290 3773 508 3859 praeteream,
523 3783 609 3861 quos
633 3738 776 3850 effuso
766 3787 799 3834 m
816 3734 1064 3875 pulmonibus
1054 3787 1123 3838 san·

143 3877 244 3992 guina
265 3877 460 3999 occubuisse
475 3876 621 4002 vidimus
641 3881 829 3988 ,virginem
845 3889 1011 3992 quoque
1004 3880 1120 3999 menri·
