2544 4710
616 392 736 497 (¹216
761 388 784 481 t
881 437 884 442 ·
939 410 947 430 ⁴

221 557 330 652 bere,
358 555 479 659 quibus
504 554 630 630 circuiit
653 568 673 630 a
695 553 815 655 pleuris
839 550 940 630 veluti
955 553 1198 652 urspeudebau·

221 691 305 754 tur.
333 676 477 751 Taeniae
501 689 592 752 erant
613 673 912 768 membranaceae,
945 673 1121 776 aequaliter
1137 693 1200 750 ter·

221 800 391 891 minatae,
417 795 560 889 firmae,
587 795 630 870 ad
654 794 738 868 duos
773 808 880 868 tresve
912 809 1112 869 transversos
1153 798 1201 870 di·

223 913 476 1015 gitoslongae,
502 914 582 989 hinc
607 912 740 1011 pleurae
765 911 901 1005 costall,
929 911 1006 985 iude
1029 912 1227 1010 pulmona-⁸

221 1034 470 1128 licontinuae,
498 1033 589 1106 fibris
612 1031 901 1132 longitudinalibus
927 1058 1009 1130 pene
1024 1034 1203 1133 tendiuosis

222 1153 392 1244 intextae,
421 1152 580 1224 ordinatis
599 1186 621 1243 ‚·
636 1149 817 1248 parallelis,
844 1149 1064 1245 firmissimis,
1091 1165 1132 1224 ut
1156 1154 1205 1224 in·

227 1273 336 1346 cidere
362 1285 550 1369 oporteret,
577 1299 655 1343 cum
680 1269 772 1343 facite
795 1272 905 1367 rumpi
920 1269 1125 1342 distractione
1139 1298 1204 1345 non

224 1404 380 1490 possent.
408 1391 482 1465 Hoc
507 1417 546 1463 ex
572 1390 687 1465 lubitu
711 1417 859 1488 negasses
882 1417 953 1465 rem
977 1417 1047 1478 esse
1084 1392 1206 1466 adven-

227 1514 359 1600 titiam3
388 1513 445 1585 sod
468 1511 551 1583 illud
576 1514 738 1602 accessit,
765 1539 832 1610 quo
850 1512 1030 1602 naturalem
1047 1517 1207 1612 originem

230 1633 293 1704 sibi
317 1633 420 1730 magis
449 1631 690 1706 vindicabant.
725 1631 813 1704 Vasa
846 1636 1027 1730 sanguifera
1052 1663 1070 1706 a
1096 1633 1207 1732 ploura

231 1749 273 1820 ad
298 1748 468 1847 pulmones
492 1747 583 1821 libris
606 1747 668 1820 illis
692 1750 913 1847 interiuncta,
940 1764 972 1823 et
988 1750 1139 1849 parallela
1153 1752 1208 1824 dc·

229 1843 405 1943 currelia'nt
425 1901 447 1960 ,·
463 1883 520 1966 per
544 1895 628 1968 quae
652 1883 809 1941 mutuum
822 1871 997 1968 sanguinis
1010 1875 1098 1945 itum
1125 1871 1224 1944 redi?

202 2086 208 2093 Δ
232 2002 375 2089 tumque
394 1987 434 2060 de
457 1989 570 2086 pleura
594 1988 636 2061 ad
662 1989 834 2088 pulmones
858 1989 1120 2087 pulcherrimum
1145 2006 1210 2064 erat
1245 2010 1249 2021 ·

234 2110 417 2202 inspectare
432 2117 448 2176 .‘
470 2107 537 2178 Res
572 2107 719 2202 prolecto
747 2106 1009 2203 elegantissima,
1037 2137 1139 2210 quam
1162 2110 1211 2182 di-

236 2249 336 2320 gnam
360 2225 472 2321 putavi
487 2263 509 2314 ,·
523 2250 609 2323 quae
632 2225 666 2295 in
691 2222 826 2322 publico
851 2223 1022 2297 illustrium
1054 2227 1212 2298 Virorum

229 2367 419 2434 consessu,
447 2369 548 2442 quern
572 2343 663 2415 domi
687 2357 757 2416 tum
783 2343 930 2418 solebam
960 2344 1152 2441 celebrare,
1178 2373 1213 2418 o·

230 2456 470 2530 otenderetur:
497 2484 645 2560 quaeque
670 2448 711 2532 ex
739 2475 830 2558 parte
854 2463 1004 2557 faveret,
1038 2467 1213 2538 minimum

226 2589 438 2666 ·‘excusar·et‚
466 2579 657 2674 opinionem
682 2580 902 2679 quorumdam
928 2594 1077 2657 veterum
1096 2587 1214 2658 Anato-

241 2680 406 2767 inicurum
431 2693 509 2767 haec
537 2697 748 2768 asserentium
773 2695 945 2793 ligamenta
963 2698 1143 2774 secundum
1160 2727 1233 2772 nar

228 2821 384 2891 auram-³.
411 2809 501 2883 Nam
527 2811 640 2885 talium
664 2814 916 2910 productionum
940 2832 1030 2891 extra
1055 2846 1133 2893 vasa
1153 2875 1163 2912 ‚
1182 2833 1213 2892 et

230 2943 398 3028 tauquam
424 2944 515 3002 extra
539 2922 658 3003 animal
682 2949 936 3030 generatorum,
964 2940 999 3010 ni
1022 2937 1146 3012 fabrica
1170 2941 1217 3014 ni-

229 3049 350 3120 -mium
364 3044 550 3145 ordinata,
577 3065 608 3122 et
634 3050 791 3150 elegans,
818 3068 851 3126 at
875 3056 1045 3129 vasculosa
1061 3056 1149 3133 certe
1165 3087 1217 3132 na

227 3183 317 3242 rura
342 3167 418 3239 alias
443 3169 630 3244 difficillima
656 3187 737 3245 esset
773 3173 962 3272 explicatu.
1007 3179 1217 3280 Quamquam

247 3289 383 3360 norisne
405 3315 485 3362 cum
511 3287 657 3389 partibus
683 3319 759 3366 vasa
784 3297 914 3393 gignere
950 3290 1039 3370 nova
1061 3304 1164 3398 possit
1187 3328 1218 3371 a·

143 3421 145 3423 ’
236 3408 348 3478 ulmal
368 3435 379 3499 5
397 3410 458 3480 -uti
474 3437 570 3506 posse
595 3401 669 3483 nou‘
687 3413 825 3512 negabat
849 3407 1038 3491 Rurscri'rus
1063 3418 1135 3523 (y)
1151 3481 1161 3518 ‚
1179 3428 1246 3498 ia·

594 3616 598 3620 .
649 3595 850 3614 *u

180 3726 188 3731 -
236 3683 301 3772 (γ)
327 3680 396 3744 »Er
415 3680 534 3765 eredo,
560 3696 590 3750 et
603 3685 673 3751 dico
693 3698 722 3770 ‚⁸
800 3682 941 3757 amenta.
956 3689 1062 3784 Epist.
1090 3695 1129 3761 ad
1142 3699 1218 3764 Bon-

147 3815 152 3828 =
298 3804 400 3852 »noea
424 3796 714 3883 vasauascipo··se‚
806 3823 972 3869 arrlrvrarr
995 3827 1028 3894 p·
1065 3805 1119 3893 76.
1198 3803 1208 3833 ³

210 3922 213 3928 ·
254 3916 286 3949 ·=·
302 3914 404 3965 anona
429 3922 508 3984 ossa,
526 3924 606 3970 nova
636 3905 710 3994 liga-
