2544 4710
576 407 592 508 <
621 402 713 507 u>

147 604 219 670 ne,
247 574 537 675 hydrargpnuntve
564 569 749 666 trajiceret,
776 565 942 644 voluimus
967 568 1122 671 experiri.

149 699 294 795 Trajccit
318 704 429 768 autem
457 706 660 793 utrumque.
689 693 780 766 Nam
803 686 963 792 impulsus
988 706 1048 767 a'e‘r
1069 711 1133 793 pe'r

150 816 273 889 tubum
297 806 411 914 patulo
436 815 571 911 vaginae
587 813 670 885 ostio
694 813 772 885 citrn
798 812 964 911 ganglium
981 813 1138 911 applica*-

153 948 259 1028 tum,
287 932 454 1032 ganglium
480 932 674 1030 superavit;
702 958 808 1033 eoque
832 936 968 1032 vaginae
993 959 1130 1026 omneS,

154 1081 294 1126 nervum
321 1050 405 1125 ultra
433 1049 600 1147 ganglium
626 1052 830 1146 vestientes,
866 1053 1015 1151 protinus
1041 1055 1131 1126 intu⁴

154 1187 301 1248 mucre.
330 1171 528 1271 Eademque
552 1174 607 1243 via
625 1231 628 1240 .
649 1171 808 1268 injectum
833 1175 1143 1275 pressumque‘hy·

154 1293 353 1391 (lrargyrurn
380 1289 501 1388 ganglii
525 1283 689 1388 arigustias
714 1293 907 1385 transilivit,
926 1297 1026 1393 inque
1052 1295 1138 1392 ipsus

160 1412 329 1486 cellulosas
350 1415 445 1484 nervi
473 1417 605 1510 vaginas
630 1417 833 1511 penetravit.
862 1416 958 1504 Quae
983 1417 1139 1488 tentami-

37 1588 41 1607 ,
154 1533 198 1608 na
224 1535 314 1606 iniis
337 1533 545 1630 potissimum
572 1549 750 1606 nervorum
776 1536 898 1634 vaginis
914 1533 1134 1628 instituimus,

157 1667 244 1756 quae
257 1671 380 1730 nervos
393 1655 427 1724 in
442 1652 656 1726 ischiadicum
673 1667 829 1728 truncum
847 1656 1020 1730 coalituros
1047 1671 1138 1730 extra

159 1778 287 1873 spinam
312 1773 502 1873 perducunt
515 1817 530 1846 .·
544 1774 591 1845 Et
607 1800 810 1874 quamquam
827 1775 925 1866 aeris,
943 1787 976 1846 et
991 1773 1134 1873 hydrar-

155 1895 251 1992 gyri,
280 1895 437 1964 transitus
463 1891 548 1963 ultra
564 1891 739 1990 ''ganglium
758 1909 826 1966 non
840 1895 908 1966 sine
921 1893 1030 1994 aliqua
1044 1922 1135 1993 pres*

154 2016 245 2085 sione
268 2013 414 2114 potuerit
438 2010 606 2102 obtineri,
626 2011 706 2095 levis
731 2024 841 2083 tamen
854 2038 893 2083 ea
910 2014 1041 2111 pressio
1056 2015 1133 2106 lirit,

154 2148 211 2205 aut
236 2146 330 2206 certe·
362 2154 429 2204 non
455 2136 544 2203 t'anta
560 2186 583 2222 .,
612 2159 697 2231 quae
722 2131 934 2206 obstaculum
957 2146 1133 2232 argueret,

102 2255 104 2258 ⁴
154 2253 246 2352 quod
270 2277 388 2349 perse
407 2251 451 2321 in
472 2249 607 2322 homine
632 2251 907 2349 viventespinee’
925 2271 1054 2350 vapor,
1078 2253 1138 2324 ab·-

140 2387 245 2445 sente
269 2395 447 2468 pressura,
475 2395 627 2468 superare
651 2397 719 2443 nen
744 2386 855 2468 posset
875 2374 904 2443 ,Ἴ
915 2370 951 2443 Si
978 2392 1069 2444 vero-
1083 2400 1138 2447 co·

155 2493 428 2590 gitetu1··vaporis
454 2494 566 2588 spinae
589 2495 744 2589 puritas,
772 2506 807 2564 et
822 2492 957 2565 'indoles
982 2519 1105 2593 aquosa
1124 2551 1134 2587 ,

155 2615 251 2713 longe
276 2617 497 2712 penetrantior
522 2625 619 2705 aere,
648 2641 686 2686 ac
721 2614 934 2715 hydrargyro
958 2632 1134 2717 §unaque

154 2738 345 2809 invisente
370 2762 472 2836 quam
498 2737 561 2806 sint
587 2735 660 2806 vine
686 2735 893 2832 trajiciendae
909 2735 1075 2831 laxiores,
1101 2754 1133 2811 et

153 2859 276 2931 humor
300 2859 496 2954 traiecturus
522 2855 628 2928 calore
653 2859 873 2953 penetrantior
887 2862 1019 2944 {stratio
1047 2859 1135 2932 sulli-

155 2984 245 3071 ciet,
274 3003 424 3053 cernon
449 2979 551 3076 possit
576 2980 716 3050 omnino
750 3005 868 3050 eorum
893 2982 1053 3053 sententia
1069 2982 1133 3060 im·

155 3096 317 3196 probari,
344 3098 403 3196 qui
429 3099 538 3193 spinae
570 3096 702 3194 vaporis
727 3095 893 3172 beneficio
921 3154 931 3191 ,
959 3101 1060 3181 ctiam
1087 3100 1137 3175 ul·

92 3203 95 3208 ’
154 3232 204 3290 tra
229 3216 351 3315 spinule
377 3216 544 3315 ganglium
563 3272 573 3308 ,
594 3228 719 3289 nervos
745 3220 933 3292 existimarit
947 3221 1132 3319 [gaudere.

259 3332 379 3413 XXV.
408 3324 515 3430 Quod
540 3342 567 3440 si
592 3337 699 3433 hujus.
717 3341 828 3436 spinae
852 3343 984 3438 vaporis
1008 3343 1138 3442 coaguli

128 3475 257 3555 capax
283 3472 403 3529 natura
428 3459 661 3568 constitisset,
686 3471 723 3530 et
748 3483 816 3532 non
841 3463 950 3557 potius
966 3462 1009 3533 nd
1033 3466 1141 3561 ignem

70 3660 72 3665 ,
153 3575 333 3650 nullimode
359 3602 570 3652 concrescens
596 3572 703 3678 (nr)
720 3634 729 3670 ,
747 3602 850 3652 nunc
873 3578 985 3654 facile
1005 3586 1137 3656 assenti-
1158 3648 1161 3654 ,

23 3703 29 3719 “
151 3725 205 3792 rer
230 3700 368 3773 summis
392 3698 485 3773 Viris
514 3730 524 3796 ·,
561 3701 626 3799 qui·
646 3699 879 3795 trituramus
920 3701 980 3802 (d)
1006 3709 1141 3804 opinan-v

480 3857 482 3867 ι
563 3846 702 3886 Μ

78 3949 80 3954 ⁷
194 3972 246 4066 (dj)
271 3968 373 4063 Oper.
401 3971 562 4064 posthum.
591 4001 678 4068 pm.
708 3943 763 4064 ny.
790 3970 840 4039 ed.
869 3975 953 4042 Ven.
1019 3947 1022 3956 Ι
