2544 4710
483 393 634 496 (309)

54 511 148 625 iiiitio
172 548 279 647 operis
303 550 509 648 praeposito.
538 548 604 633 Sed
629 548 802 621 redeamus
819 547 860 641 ad
886 548 1037 624 foetrrum

55 664 220 739 variolas.
249 667 415 761 Quorum
429 679 557 760 status,
599 666 679 740 dum
721 679 814 740 utero
854 666 1032 742 includun-

54 803 142 880 tur,
168 814 273 886 quum
298 789 443 884 partium
476 800 685 862 caeterarum
721 787 893 862 ventribus
930 788 1036 862 inclu-

54 933 194 1001 sarum,
223 909 451 1008 viscerumque
475 910 573 980 statui
598 910 640 980 sit
674 911 809 981 omnino
850 908 995 982 assimilis
1025 967 1035 1005 ,

53 1025 224 1100 manifesta
250 1025 416 1099 conclusio
441 1038 519 1120 est,
546 1025 635 1126 quod
659 1024 781 1126 quibus
797 1026 915 1100 caussis
940 1053 1035 1101 eure·

53 1158 138 1237 tur,
164 1169 206 1215 ne
230 1158 338 1242 partes
362 1142 433 1218 illae
450 1143 608 1218 variolent
628 1144 712 1244 (mx
730 1143 747 1244 )
765 1199 776 1238 ,
796 1145 900 1218 foetus
917 1145 1036 1223 eadem
1158 1175 1166 1181 ·

54 1263 241 1337 conditione
273 1262 398 1358 locati,
426 1279 482 1338 aut
521 1265 604 1338 sorte
627 1267 744 1363 potiori
768 1320 778 1353 ,
806 1291 846 1336 ne
884 1262 1039 1337 variolare

54 1388 203 1482 possint,
229 1400 403 1459 ‹areantur
430 1440 439 1457 .
468 1385 555 1473 Nam
581 1400 668 1462 certe
703 1385 858 1460 balneum
896 1382 976 1458 illud
1005 1413 1039 1459 a·

53 1533 196 1605 quarum
210 1507 329 1599 amnii,
348 1510 381 1580 iu
398 1532 464 1607 quo
489 1508 593 1580 foetus
610 1507 725 1580 vivunt
744 1562 753 1599 ‚
781 1510 855 1579 satis
873 1505 1037 1599 validum,

55 1643 89 1699 et
113 1625 363 1724 inexpugnabile
388 1639 436 1700 est
453 1607 698 1719 obstaculum,
728 1653 769 1700 nu
799 1627 882 1700 cutis
917 1652 1036 1700 eorum

54 1757 215 1842 perpetuo
230 1743 305 1814 -fota
327 1744 428 1841 possit
453 1743 641 1818 variolare.
670 1744 724 1815 Es
748 1769 817 1843 quo
853 1756 936 1841 puto
961 1742 998 1815 fit
1019 1798 1030 1836 ‚

56 1877 94 1937 ut
119 1863 145 1931 si
170 1862 252 1936 sorte
276 1888 438 1937 venenum
462 1863 664 1938 variolosum
705 1878 852 1936 irraterno
885 1865 1055 1960 sauguine*

58 1995 282 2076 contentum,
309 2009 379 2082 quo
402 1983 509 2057 foetus
533 1983 661 2077 alitur,
688 2008 754 2056 nou
779 1979 863 2055 bene
882 1995 993 2055 totum
1010 1982 1046 2055 iu

56 2117 169 2177 eutem
193 2107 303 2177 matris
327 2103 536 2202 deponatur,
563 2103 619 2175 sed
645 2102 836 2176 intrinsecus
876 2105 1043 2200 supersit,
1126 2120 1134 2156 -·

57 2221 148 2296 facile
172 2222 277 2295 foetus
302 2223 417 2295 veneni
456 2221 562 2295 turbis
595 2225 715 2321 petitus
747 2220 890 2320 (xum)
913 2277 922 2310 ,
949 2220 1044 2323 quod

57 2339 99 2412 od
124 2355 233 2413 cutem
260 2367 354 2413 stram
379 2340 513 2439 rejicere
539 2368 605 2420 non
628 2342 760 2441 possit,
786 2355 842 2412 aut
859 2330 1044 2431 convulsio-

56 2455 154 2530 nibus
171 2458 344 2557 percitus(
362 2480 466 2531 uxum
483 2458 499 2557 )
516 2459 625 2531 statim
644 2472 737 2531 uteru
753 2474 845 2531 exeat
865 2514 875 2552 ‚
895 2470 951 2530 aut
968 2461 1047 2555 gni.-

56 2600 176 2673 grnena
201 2573 421 2676 effusionoque
452 2579 618 2673 sanguinis
643 2575 750 2676 aliqua
789 2575 1046 2675 comprehensus

57 2696 128 2793 ipso
152 2695 186 2767 in
212 2710 307 2767 utero
329 2709 468 2794 pereat.
498 2695 594 2785 Quae
617 2721 696 2770 vero
711 2694 750 2767 sit
767 2698 847 2767 ratio
866 2691 878 2787 ',
905 2721 965 2768 cur
981 2722 1041 2794 po·

56 2828 153 2907 ster,
180 2829 283 2886 matre
307 2817 375 2888 sive
406 2812 601 2914 graviditatis
639 2828 813 2912 tempore,
842 2815 909 2887 sive
947 2814 1046 2885 etium

55 2951 151 3011 antea
169 2984 179 3019 ,
207 2932 402 3012 variolarum
419 2961 545 3010 veneno
561 2938 623 3017 rite
639 2934 773 3007 liberata
794 2991 803 3028 ‚
831 2931 1042 3005 insontefoe-

57 3072 129 3153 tu,
156 3059 279 3132 foetum
305 3058 407 3154 edat,
433 3059 489 3159 qui
513 3070 597 3160 post,
612 3056 738 3156 aliquot
773 3080 875 3128 annos
912 3078 984 3125 suas
1009 3078 1044 3124 e-

56 3181 137 3255 tium
155 3176 297 3273 'variolas
321 3181 484 3280 patiatur,
510 3179 611 3257 fateor
628 3203 682 3249 me
694 3177 817 3249 nescire
838 3229 846 3247 .
867 3172 954 3255 tttud
972 3186 1045 3275 tan-¹

56 3313 131 3374 tum
154 3325 193 3373 ex
220 3299 287 3373 boc
311 3297 455 3397 intelligo
480 3323 573 3396 posse
595 3294 686 3368 facile
711 3308 860 3369 constare
890 3319 967 3366 cum
993 3306 1046 3364 at·

56 3418 275 3518 rnospboerae¹
294 3418 455 3516 contagio
470 3416 550 3489 tanti
576 3416 692 3492 veneni
716 3415 841 3492 semina
865 3413 900 3485 in
935 3410 1053 3493 bomi-⁸

44 3539 99 3618 'ue
123 3542 213 3616 oriri.
240 3536 307 3611 Sed
331 3536 429 3636 bu‘pu
454 3535 563 3611 morbi
579 3561 711 3611 massae
727 3533 962 3623 obscuritatem
978 3531 1038 3604 lra-

59 3661 144 3738 b‘ent
168 3660 346 3734 maximum
366 3684 466 3752 ,noe
491 3656 549 3731 ulli
575 3659 714 3735 omniuo
737 3653 989 3734 extricabilem.

154 3777 273 3854 LXX.
302 3775 497 3851 Nostrarum
511 3776 615 3875 igitur
639 3774 912 3851 observationum
930 3782 1043 3842 uurcto·

50 3903 159 3998 ritas,
186 3923 269 3999 quas
302 3898 474 3980 tresdecim
499 3897 799 3994 adbucnumero,
842 3889 1045 3976 uniformiter
