2544 4710
562 413 729 517 (2¹7)

149 599 202 648 res
227 573 307 649 mihi
347 572 476 649 videtur
507 572 554 647 ob
584 574 753 649 nonnullus
787 577 1026 657 observationes
1050 606 1125 667 nou

150 697 323 795 neganda.
351 696 451 768 Certe
474 721 553 769 vero
576 696 709 770 uberior
731 698 896 796 pulmonis
920 731 996 802 erga
1031 687 1124 804 pleu-

153 807 256 909 iam,
282 827 338 906 ant
361 814 523 913 plenrae,
550 814 681 910 sudor,
708 818 827 892 sufficit
851 848 918 920 quo
942 824 1125 920 possintliq

149 948 356 1033 gamentosae
378 936 571 1032 propagines
596 935 765 1008 internasci
786 962 795 1022 ;
822 939 878 1036 qui
914 939 983 1010 sine
1019 940 1124 1030 multu

146 1057 317 1154 sanguinis
338 1054 398 1126 has
422 1054 464 1124 ad
488 1053 579 1126 sedes
604 1078 740 1129 accursu
765 1080 831 1126 non
873 1057 1042 1154 gignitur.
1069 1048 1132 1134 Εἰ

153 1203 221 1277 qno
245 1203 323 1248 cum
348 1176 380 1244 in
406 1186 536 1272 pectore
559 1175 680 1270 pueri,
706 1172 839 1272 dequo
863 1174 1051 1270 scribimus,
1066 1203 1124 1268 nef

152 1319 218 1394 que
242 1292 314 1364 illae
337 1307 443 1393 partes
465 1293 621 1390 sanguine
647 1306 837 1388 turgentes,
865 1319 971 1394 neque
994 1296 1123 1371 iollam·
1243 1348 1245 1353 -

148 1426 256 1516 matae
279 1413 507 1509 apparuerint,
536 1437 575 1483 ac
612 1437 654 1483 ne
678 1410 850 1506 ligamenta
884 1415 1019 1513 quidem
1055 1419 1124 1514 ipsa

147 1529 337 1624 vasculosa,
364 1529 537 1603 videbatur
560 1554 613 1601 res
636 1555 743 1629 neque
757 1531 936 1604 secundum
954 1547 1118 1629 naturam,

150 1678 261 1752 neque
284 1663 431 1723 recenter
454 1650 582 1722 efficta.
603 1650 692 1722 Nam
717 1650 888 1747 pulmones
913 1653 1048 1750 quidem
1066 1681 1123 1745 ru7
1238 1685 1241 1688 ⁴

148 1771 276 1845 bebant
301 1785 438 1868 uterque
463 1769 646 1858 inclamo,
672 1769 718 1843 ob
744 1773 933 1843 naturalem·
958 1775 1122 1870 saligninis

147 1899 188 1964 'in
214 1892 329 1988 supino
354 1872 545 1961 decubitum
564 1887 660 1981 ,sed
695 1888 773 1960 inde
793 1887 932 1962 aberant
962 1890 1123 1986 ligamen,-

152 2029 212 2085 ta.
243 2012 288 2084 Et
311 2010 466 2082 dissectus
491 2034 549 2107 per
574 2008 725 2080 medium
749 2023 888 2108 uterque
905 2009 1027 2108 'pulmo
1050 2037 1122 2086 rem

148 2129 258 2202 albam
292 2143 442 2226 expresso
482 2128 646 2224 sanguini
675 2125 896 2199 intermixtam
934 2128 1122 2224 exhibuit,
1153 2202 1157 2209 ,

89 2295 90 2300 1
115 2276 124 2289 ·
148 2275 232 2351 qnae
257 2245 420 2320 nonnullis
444 2247 513 2318 visa
537 2259 605 2317 erat
628 2244 825 2343 purulenta3
853 2246 909 2318 sad
923 2246 1031 2319 albam
1045 2275 1121 2346 spu÷¹

149 2398 241 2445 mam
266 2394 335 2440 esse
359 2377 565 2464 compertum
591 2380 669 2457 est,
701 2366 744 2438 de
766 2365 998 2443 bmnclaiorum
1023 2371 1120 2442 ramis

150 2493 292 2566 dissectis
316 2512 521 2584 expressam,
549 2484 727 2584 inquibus
751 2499 819 2563 erat
843 2485 1008 2560 collecta.
1036 2488 1119 2560 Cae-

149 2627 255 2688 terum
282 2608 490 2708 pulmonum·
504 2603 659 2704 reliqna,
686 2618 719 2677 et
757 2608 924 2703 pectoris,
950 2621 1042 2681 erant
1066 2611 1117 2681 in-

149 2731 352 2829 tegerrima3
380 2751 436 2796 cor
462 2722 569 2795 solnm
593 2723 835 2817 durissimum,
863 2740 894 2797 et
910 2739 1065 2826 tanquam
1082 2731 1117 2801 in

131 2849 273 2925 ¹nodum
298 2844 533 2929 constrictum3
560 2855 597 2913 ut
621 2839 715 2914 facile
730 2854 899 2938 appareret
923 2845 957 2914 in
981 2846 1116 2919 convul-

147 2970 244 3046 sionis
269 2979 353 3038 statu
378 2961 567 3063 quievisse.
958 3064 961 3068 ⁴

139 3108 142 3113 ·
216 3083 370 3157 XXXII.
387 3082 453 3177 Spe
471 3079 602 3151 tandem
619 3077 757 3175 decepti,
775 3105 840 3178 qua
856 3079 899 3150 ad
915 3081 1115 3180 eredendum

143 3205 354 3294 ferebamur,
380 3203 452 3274 fore
467 3197 604 3300 quidem
627 3195 743 3295 procul
760 3197 889 3288 dubio,
906 3213 942 3271 nt
958 3201 992 3271 in
1006 3217 1117 3298 pecto·

139 3343 183 3404 re
207 3336 397 3425 apparerent
416 3324 493 3419 'ejus
517 3319 633 3392 mortis
657 3341 787 3392 caussae
811 3320 999 3392 manifestae
1019 3348 1029 3406 ;
1046 3336 1117 3396 tan-

146 3461 182 3519 to
207 3442 324 3541 majori
348 3449 428 3512 cuia
450 3439 492 3510 ad
515 3436 683 3511 abdomen
707 3437 974 3536 perscrutandum
1011 3441 1116 3516 trahe·

144 3567 295 3655 bamur,
322 3563 357 3633 in
381 3588 447 3660 quo
470 3559 536 3632 hoc
560 3559 667 3630 minus
684 3560 881 3657 suspiciones
898 3560 1111 3656 invaluerant,

145 3684 237 3785 qnod
260 3683 341 3753 {eres
354 3680 514 3780 perpetim
551 3676 682 3768 sidens,
723 3677 937 3778 quotidieque
967 3679 1113 3777 exploro-

147 3817 250 3893 tum,
277 3799 357 3873 nibil
381 3797 586 3888 ostenderat,
612 3795 701 3895 quod
727 3793 778 3868 vel
809 3795 939 3868 visceris
975 3796 1114 3894 alicujus

146 3920 348 4015 laesionem,
376 3916 426 3993 vel
452 3916 676 3990 intestinorum
701 3911 884 3988 indicaret.
913 3914 986 3990 Nec
1020 3920 1115 4016 eqni-
