2544 4710
608 390 739 494 (θ’)

183 546 218 617 in
244 559 406 621 truncum
432 546 609 641 coalescit,
624 562 745 650 atquc,
762 563 801 621 ut
818 548 890 621 vidi
908 549 1052 624 adhunc
1067 548 1171 646 dem,

179 664 261 740 salet
285 668 518 768 pinguitudine
545 695 694 743 :carere.
723 670 885 756 Laminas
918 686 1029 746 antem
1046 653 1049 660 .
1065 672 1168 771 hujus

175 787 395 864 membranae
417 808 623 893 q'namqttam
659 792 770 891 potius
808 796 989 872 necessario
1024 794 1163 890 officio,

176 908 270 1008 quod
295 914 388 984 nervi
422 926 540 987 trunco
573 933 634 1012 pet·
658 915 711 986 sui
749 913 908 987 medium.
938 904 1162 991 tnnsvadenit

173 1045 338 1128 praestare
364 1033 517 1128 debent,
545 1053 647 1136 quam
678 1034 839 1108 destinata
863 1034 1023 1130 fabrica,
1067 1052 1167 1140 atque

173 1148 318 1226 decursa
343 1201 353 1247 -,
380 1158 514 1254 vaginas
529 1148 645 1231 *nervo
672 1154 773 1244 dant3
802 1153 886 1228 adeo
903 1170 1015 1230 tamen
1041 1157 1166 1232 affabre

173 1264 416 1350 danscmdenti
455 1300 557 1350 nervo
583 1301 678 1376 saepe
701 1279 1031 1368 accommodantur,
1060 1293 1098 1352 ut
1121 1279 1166 1353 ad
1249 1274 1252 1280 ⁶

172 1421 255 1468 eum
279 1397 533 1496 vaglnandum‚
562 1417 635 1473 non
660 1413 729 1472 tam
766 1397 830 1473 loci
850 1403 1040 1474 necessitate
1076 1429 1158 1475 con·

170 1517 287 1612 lene,
315 1540 417 1622 quam
441 1523 613 1623 praefinito
637 1521 783 1594 fabricae
800 1520 937 1596 consilio
961 1522 1086 1620 positae
1101 1522 1150 1596 ibi
1231 1527 1234 1532 ’

171 1664 241 1713 esse
267 1640 466 1715 videantur.
497 1642 670 1744 Siquidem
700 1643 901 1744 quandoque
933 1643 1032 1732 vidi;
1059 1645 1152 1746 quod

170 1772 205 1831 et
229 1785 342 1833 coram
368 1762 404 1832 in
429 1763 558 1836 sinistro
582 1761 894 1836 ischiadiconorvo
913 1764 947 1836 in
972 1765 1034 1838 viri
1060 1765 1158 1839 cada-

169 1903 250 1951 vere
277 1893 467 1970 contueor3
496 1881 555 1954 has
580 1883 719 1954 extimas
744 1883 909 1976 vaginas,
937 1908 1019 1981 quas
1052 1886 1157 1980 possis

167 2005 393 2074 accessorius
423 1999 586 2101 appellare
616 2055 627 2094 ,
655 1999 858 2073 infundibuli
894 2000 1003 2077 formu
1037 2028 1155 2081 recens

165 2117 354 2192 conflatum
378 2122 470 2193 nervi
495 2135 652 2194 truncum
676 2119 825 2216 excipere
844 2131 903 2191 :et
917 2117 993 2193 hinc
1008 2145 1147 2199 summo

163 2235 285 2310 infixas
308 2236 537 2334 trochunteri,
565 2237 658 2312 illinc
683 2239 870 2337 marginata
896 2236 997 2313 veluti
1024 2241 1150 2314 orificio

164 2354 418 2432 descendentem
443 2385 585 2433 nervum
609 2356 767 2450 inhiare,
795 2369 1036 2458 exceptumque
1074 2386 1155 2434 con-

164 2473 259 2556 tinuo
282 2502 388 2577 usqne
413 2477 448 2549 in
471 2504 548 2551 crus
573 2477 751 2552 comitari.
780 2472 911 2576 Estque
928 2503 1076 2574 praesens
1092 2507 1151 2559 va-

163 2594 240 2691 gina
263 2594 347 2668 adeo
371 2595 533 2696 elegans,
560 2611 600 2670 ut
624 2594 765 2694 scalpelli
781 2592 957 2668 manubrio
971 2596 1058 2683 iuter
1073 2624 1149 2670 ner-

166 2740 280 2809 vum,
308 2719 526 2818 vaginamqnc
552 2696 712 2810 versato{
739 2715 942 2793 veluticnsis
956 2714 1029 2805 laxa
1055 2722 1146 2819 vagi-

163 2859 209 2907 na
234 2841 437 2934 exceptus„
452 2836 622 2912 ischiadici
646 2837 741 2911 nervi
765 2849 903 2909 truncus
927 2834 1091 2941 vidpatur.

144 2996 148 3005 ·
174 3014 177 3021 .
206 2992 212 3007 =
260 2957 408 3035 XXIXa
432 2957 582 3056 Adjuvat
607 2957 692 3032 hanc
717 2957 862 3029 nativam
877 2955 1075 3041 extimarum
1091 2983 1151 3030 va·

161 3077 316 3174 ginarum
341 3075 507 3160 ischiadici
532 3077 626 3152 nervi
662 3074 828 3148 laxitatem
861 3072 1044 3149 adsitnrum
1069 3102 1146 3151 mu-

146 3196 338 3273 sculorum·
355 3224 423 3281 non
448 3197 523 3271 satis
548 3197 699 3296 proxima
712 3192 876 3293 pressio:
904 3195 962 3295 qui
986 3195 1146 3279 ‚musculi

143 3330 348 3414 rpmtectum
373 3317 545 3414 praecipue
560 3315 768 3393 trocbantere
783 3316 924 3415 majori,
940 3313 1042 3388 veluti
1059 3344 1147 3417 pon·

144 3451 219 3530 te,
247 3435 342 3520 nervi
367 3449 523 3521 tuuncum
536 3437 591 3509 vix
611 3433 727 3511 leviter
741 3433 846 3509 solent
860 3435 1018 3530 attingere
1036 3491 1045 3511 .
1065 3435 1145 3529 Qua

138 3554 323 3630 constanti
347 3551 479 3634 laxitate
504 3568 668 3655 qnantum
692 3553 754 3645 hae
779 3555 916 3653 vaginae
942 3555 1138 3653 suscipiendo

154 3676 297 3772 vapori,
324 3698 425 3774 quem
449 3674 586 3753 arteriae
610 3671 762 3747 exhalant
787 3671 889 3775 (xxi)
908 3728 921 3766 ¹
938 3671 976 3745 in
1001 3671 1139 3765 humine

132 3807 251 3890 ,aptae
276 3792 363 3882 sint;
389 3806 550 3893 qnantum
586 3808 727 3892 excepto
764 3792 800 3866 in
824 3818 859 3865 se
883 3788 960 3890 ipsis
991 3791 1138 3869 'retinen-

157 3910 202 3987 do
225 3914 442 4010 peritoneae,
470 3910 793 4011 neminem‘arbitror
818 3939 883 3990 non
909 3901 1022 3999 videre
1041 3912 1137 4018 &Ad
1197 4003 1200 4008 ι
