2544 4710
581 231 675 333 (r.3
695 230 718 332 ·)

151 391 313 470 rorbtioni
337 406 387 469 est
410 418 488 468 cum
511 418 625 467 reeens
650 405 728 487 est,
753 391 783 465 si
816 389 942 466 diutine
974 393 1133 471 immta-

152 526 226 608 tnr,
244 512 324 589 loeo
342 513 551 616 quantumvis
576 525 793 612 opportuno,
819 508 981 583 resorberi
993 509 1135 610 amplius

148 637 267 737 nequit
286 673 300 708 ,2
324 635 504 709 crassiores
528 635 617 710 enim
642 631 932 734 glutinosioresqne
970 630 1134 734 lymphae
1181 613 1185 621 ¹

145 767 284 852 partes,
312 754 441 856 quihu's'
455 751 510 827 ille
533 778 635 851 vapor
657 749 820 824 imbuitur
836 750 993 852 (ιω),
1019 778 1128 848 mora,

148 873 192 949 ab
216 878 379 978 aquosiori
403 878 523 951 sensim
546 882 677 976 vaporis
690 893 781 977 parte
795 884 963 981 sejunctae
986 874 1132 974 applica-

145 999 518 1100 risolentparietibus
541 1026 659 1075 carme
683 999 798 1097 illius,
825 1027 891 1104 qua
926 980 1130 1074 concludun·
1174 1016 1178 1027 '

146 1132 244 1192 tur:
271 1133 305 1193 er
340 1117 421 1194 limo
458 1118 640 1219 persimiles
669 1147 791 1195 novam
823 1121 858 1194 in
898 1117 1133 1194 membranam

145 1235 317 1344 paullatim
340 1237 556 1334 coalescunt,
596 1265 682 1342 quae
713 1242 851 1343 parietes
874 1237 946 1313 illos
981 1240 1134 1313 intrinse-

147 1382 208 1452 cus
232 1356 397 1434 obfarcit.
426 1360 534 1458 Cujus
558 1385 664 1434 novae
701 1359 917 1435 membranae
952 1361 1132 1435 ministerio

146 1480 292 1577 patentia
315 1482 351 1557 iu
375 1481 436 1559 illis
459 1482 637 1580 parietibus
673 1480 783 1554 oscula
818 1508 991 1556 venarum
1014 1481 1133 1556 ahsor-
1226 1503 1230 1510 ·

146 1601 299 1675 beatium
324 1607 504 1682 maximam
527 1617 655 1706 partem
681 1602 809 1676 occludi
834 1629 965 1676 necesse
990 1616 1068 1696 est,
1097 1619 1131 1677 et

95 1705 101 1720 ¹
147 1726 347 1806 absorbendi
385 1728 494 1801 officio
528 1752 627 1800 venas
661 1725 788 1798 defici.
817 1725 934 1815 Quod.
950 1729 985 1798 in
1023 1727 1162 1815 omni-y

145 1843 208 1918 bus
233 1847 357 1920 sactum
380 1846 482 1940 vidi,
502 1857 662 1945 quotquot
699 1844 914 1938 abdominis,
942 1845 994 1924 rel
1019 1861 1132 1944 pecto-

145 1970 190 2043 ris
214 1964 369 2068 hydrope
396 1970 552 2042 diuturno
576 1969 783 2066 potissimum
807 1965 1025 2043 laborarunt:
1044 1989 1148 2070 quo-'

143 2112 223 2164 rum
248 2090 416 2165 ventrium
440 2087 644 2186 parietibus,
673 2087 730 2163 sed
776 2088 929 2168 maxime
954 2091 1127 2187 pectoris,

143 2223 194 2284 tot
215 2208 410 2309 *saepissime
447 2210 561 2284 tahum
594 2210 865 2290 membranarum
903 2211 1128 2317 superadjecta

142 2329 211 2407 vidi
247 2344 345 2410 strata
372 2387 382 2425 ,
408 2344 447 2409 ut
471 2345 581 2429 aperte
610 2328 824 2428 intelligerem
860 2357 934 2411 cur‘
959 2335 1054 2404 toties
1092 2336 1128 2405 in

141 2451 297 2552 hydrope
322 2450 517 2527 confirmato
533 2475 640 2550 neque
654 2447 899 2549 purgantibus,
927 2474 1033 2553 neque
1053 2450 1130 2523 diu·
1252 2545 1257 2554 Ι

140 2574 250 2654 raeticis
267 2591 292 2667 ,·
305 2596 414 2671 neque
439 2570 626 2644 sudoriferis
649 2569 802 2647 remediis
826 2567 898 2649 elici
922 2596 1028 2669 aquae
1052 2598 1128 2671 pos-

142 2697 235 2775 sint.
265 2690 354 2768 Nat'o
378 2694 478 2794 igitur
503 2692 679 2769 ischiadico
716 2691 859 2786 dolore,
903 2694 1126 2785 intumescunt

141 2817 279 2914 vaginae
304 2818 424 2889 sensim
448 2813 615 2896 ischiadici
638 2814 757 2907 nervi,
784 2826 818 2884 et
843 2813 904 2893 nisi
929 2815 994 2888 cito
1020 2827 1126 2892 mate-

141 2938 189 3017 ria
215 2935 368 3023 dolorem¹
388 2937 531 3015 inferens
556 2930 761 3031 destruatur,
789 2934 873 3013 fiunt
890 2935 1122 3046 hydropicae:

141 3059 234 3164 isque
259 3056 439 3157 hydrops,
467 3059 527 3130 nisi
552 3061 661 3141 statim
677 3059 879 3155 dissipetur,
906 3060 1054 3162 pertinax
1071 3057 1122 3151 fit,

139 3181 289 3253 crustulis
312 3181 460 3257 coriaceo
484 3183 628 3278 tegmine
652 3181 833 3278 parietibus
873 3180 997 3253 intimis
1034 3181 1124 3279 vagi=
1199 3270 1202 3275 Ι

128 3325 260 3383 narum
287 3324 530 3377 nervosarum.
560 3299 600 3371 In
626 3298 689 3382 hac
711 3299 1001 3400 autemlrydrope
1041 3327 1125 3374 non«

137 3414 220 3499 nihil
244 3421 390 3503 utilitatis
415 3449 491 3497 essa
509 3414 641 3522 poresr':
669 3449 771 3517 nam,
798 3426 948 3503 affluente
973 3441 1119 3523 vapore,

126 3542 220 3621 'acris
243 3542 412 3637 materia,
436 3570 520 3650 quae
545 3545 638 3624 aute'a
656 3531 659 3537 ¹
677 3571 779 3622 nervo
813 3543 1041 3639 adhaerebat,
1069 3545 1122 3619 di«

140 3661 244 3744 luitur
267 3654 443 3761 farinaria,
471 3652 738 3768 immisceturque
776 3667 887 3767 vapori
895 3656 921 3742 x:¹
946 3669 1040 3765 cujus
1073 3667 1121 3740 nl-

139 3784 228 3869 luvie
251 3783 405 3887 absorpta
431 3815 502 3866 non
527 3788 609 3865 adeo
632 3804 731 3872 restat
765 3778 895 3885 libera,
922 3804 954 3870 et
993 3785 1121 3868 incluso
