2544 4710
542 394 710 498 (⁴139),

142 553 195 629 rio
218 551 419 648 utilitatem,
447 579 529 654 quae
553 550 633 625 solet
662 549 799 642 adosse,
825 545 951 648 quibus
986 571 1105 646 oppor-

138 686 221 752 tuno
245 675 282 744 in
316 671 390 745 looo
416 671 643 746 vesieatorium
679 679 889 764 apponatur.
919 665 1012 755 Quos
1045 693 1107 764 ego

138 792 313 890 profecisse
337 795 485 865 existimo
509 792 647 888 ipsamet
661 786 871 861 ischiadicnm
888 813 1028 858 nervum
1043 785 1107 858 ob·

139 910 265 982 sidente
299 913 434 984 materia
458 908 529 983 illac
565 908 712 1001 educta,
739 913 773 978 ot
789 934 799 997 ·,
818 904 873 977 :ob
903 892 1121 978 communio.

138 1051 218 1100 nem
254 1027 423 1101 cellulosae
457 1026 678 1101 membranae,
698 1053 737 1098 eo
769 1027 926 1099 corrivata
944 1078 953 1095 .
973 1025 1112 1123 ¹anue

139 1144 289 1245 exempla
313 1147 394 1220 mihi
418 1146 555 1246 amplius
579 1144 719 1245 probare
743 1146 810 1217 visa
827 1157 935 1237 sunt,
965 1142 1110 1224 vesican-

140 1267 184 1338 tis
209 1293 344 1366 operam
367 1293 435 1341 non
458 1283 527 1340 tam
551 1292 690 1340 nervum
714 1265 913 1357 alliciendo,
941 1289 1041 1364 quam
1067 1261 1113 1334 ab

138 1413 178 1460 eo
218 1386 419 1465 extrahenda
461 1389 663 1479 materiam,
703 1384 938 1485 educendoque
978 1383 1114 1482 prodes·
1196 1459 1203 1473 ,

140 1536 205 1590 ac.
234 1510 338 1601 Quod
361 1511 397 1583 in
420 1507 482 1606 illis
505 1506 631 1583 facilius
654 1509 725 1581 ficri
750 1519 905 1606 oportet,
932 1505 990 1606 qni
1013 1504 1119 1578 laxio-

140 1629 235 1703 ribus
260 1629 403 1728 gandent
427 1657 603 1704 nortorum
635 1629 787 1730 vaginis,
814 1642 922 1728 atque⁴
953 1624 1043 1697 iham
1068 1625 1116 1696 l'a-

144 1753 230 1824 sciue
253 1749 335 1823 latae
359 1764 517 1848 partem,
545 1778 610 1850 qua
649 1777 767 1825 nervus
792 1746 982 1820 ischiadicus
1016 1747 1051 1817 in
1075 1746 1116 1814 fi-

146 1866 262 1940 bulam
287 1867 461 1941 deflectens
485 1868 678 1965 obtegitur,
705 1867 827 1941 habent
853 1864 1037 1954 laxiorem3
1065 1866 1110 1939 ita

142 1999 179 2059 nt
202 1983 345 2063 liberum
369 2000 591 2060 commeatum
615 1983 739 2059 incluso
778 1983 907 2056 humori
932 2009 1034 2082 usque
1073 1981 1118 2052 ad

142 2132 231 2204 genu
254 2105 337 2178 latus
361 2106 538 2179 conculere
563 2107 709 2205 possint.
739 2106 913 2196 Quosdam
938 2107 1018 2177 item
1046 2102 1116 2175 vidi

141 2222 245 2297 tibiali
271 2224 412 2297 ischiada
437 2224 623 2314 laborantes
643 2280 652 2316 ,
680 2227 842 2298 vesicante
866 2253 996 2298 summa
1019 2251 1113 2296 surae

140 2343 210 2415 sedi
235 2345 412 2443 apposito,
438 2359 601 2427 curatos.
630 2342 698 2415 Sed
721 2371 778 2443 per
803 2344 890 2417 hunc
915 2344 1034 2440 locum
1058 2371 1113 2416 iu-

115 2443 117 2453 ’
144 2461 312 2546 musculus
336 2465 467 2561 insignis
492 2463 697 2563 superficialis
713 2463 829 2537 tibialis
853 2464 935 2538 nami
959 2464 1113 2536 ischiadi-

140 2582 170 2653 ci
197 2580 289 2653 nervi
315 2581 480 2655 descendit
499 2582 591 2682 (i),
618 2569 711 2682 eujus
736 2583 916 2681 depictione
940 2597 1045 2682 potest
1070 2610 1111 2655 ex

144 2699 272 2796 integro
298 2713 416 2774 trunco
440 2701 561 2776 humor
585 2702 736 2798 extrahi,
766 2717 797 2776 et
812 2702 927 2776 ischias
944 2703 1019 2775 inde
1036 2717 1111 2776 nata

144 2802 364 2896 evernesccro.¹
736 2798 739 2804 Ι

109 3026 112 3029 ἢ
241 2935 339 3008 LIX.
368 2931 504 3010 Constat
527 2941 652 3037 igitur,
678 2942 800 3040 postica
824 2941 967 3015 ischiade
992 2969 1113 3016 nervo·

140 3082 174 3127 sa
212 3053 467 3152 laborantibus,
504 3049 677 3161 postquam
702 3064 874 3135 vesicantis
903 3087 1001 3160 opere
1034 3063 1114 3134 edu-

140 3191 213 3256 ctus
237 3177 421 3279 sithumor
445 3184 581 3273 omnis,
607 3185 665 3282 qui
691 3185 822 3282 vaginas
846 3183 1010 3268 ischiadici
1038 3211 1111 3256 ner-

138 3301 173 3370 vi
199 3315 439 3395 occupaverat,
467 3329 593 3374 cessare
617 3306 753 3390 ornniuo
778 3303 953 3378 dolorem.
981 3307 1013 3375 A
1038 3333 1110 3405 quo

139 3415 310 3509 hutnore,
350 3419 474 3518 siquis
510 3420 556 3493 ob
591 3422 838 3496 diuturnitatem
873 3426 1082 3522 stagnationis
1102 3435 1125 3518 ,'

97 3574 101 3626 1
141 3535 285 3636 reliquus
310 3537 351 3612 sit
366 3537 539 3628 ¹obsarctus
564 3569 706 3642 μων.
723 3543 767 3643 ),
794 3545 823 3617 is
848 3545 967 3644 opinor
991 3549 1112 3619 sensim
1207 3567 1210 3578 ·

142 3658 228 3744 intra
253 3657 383 3755 vaginas
408 3658 598 3756 solidescit,
625 3664 719 3736 aucta
743 3664 938 3763 cllulosne,
965 3695 1030 3768 qna
1056 3695 1115 3743 va«

541 3824 738 3851 -Π-ΨἿ

142 3893 219 4000 (l),
236 3893 320 3979 Tab-
347 3897 391 3973 lt.
417 3899 471 3997 fig.
498 3900 525 3971 1.
552 3924 581 3974 c,
