2544 4710
553 436 710 539 (¹¹5)

143 588 187 671 ud
213 594 307 673 sedes
332 596 427 672 nervi
451 593 667 670 subcutaneus
691 592 925 693 negligeretur,
952 621 1019 697 quo
1041 612 1117 694 pos·

140 729 216 790 sent
239 742 300 817 per
322 715 493 792 vesicantis
530 713 623 789 ulcus
662 716 796 812 vaginae
832 710 905 786 illae
936 716 1117 788 evacuari.

139 831 248 926 Quod
272 835 417 932 primum
442 845 480 908 ut
504 832 645 907 facerem
659 833 743 908 ratio
758 857 814 906 me
828 834 1036 932 potissimum
1048 858 1123 931 per·-

138 950 331 1043 suadebat3
357 967 469 1052 postea
493 979 600 1048 vero,
626 965 664 1027 ut
688 954 726 1027 fit
757 954 973 1052 recogitanti,
1001 955 1122 1028 sensim

140 1093 247 1168 vagae
270 1069 437 1172 quaedam
459 1070 703 1146 animadversae
725 1071 814 1172 apud
839 1085 965 1148 veteres
982 1126 992 1166 ,
1008 1099 1123 1146 recen-

141 1189 308 1290 tioresque
332 1188 483 1264 Medicos
506 1189 750 1264 obseruationes
774 1203 930 1292 tauquam
944 1187 1051 1264 calcu
1065 1189 1124 1263 ad·
1247 1209 1252 1216 ·

144 1306 324 1384 didenrnt.
352 1310 584 1386 Occurrebaut
608 1337 751 1411 namque
776 1335 871 1384 casus
895 1310 995 1409 hujus
1007 1309 1126 1386 ischia·

144 1427 196 1502 ὢ
223 1440 281 1502 aut
306 1427 390 1503 forte
414 1431 575 1525 fortuna,
602 1446 659 1506 aut
674 1429 887 1506 irrationabili
901 1431 1037 1508 consilio
1052 1458 1127 1532 per·

144 1560 306 1644 unaue,
332 1551 494 1650 quicum
519 1550 643 1625 nullam
667 1549 830 1627 haberent
869 1551 966 1626 aliam
990 1555 1128 1633 manife-

145 1682 232 1745 stam
256 1682 386 1744 secutae
409 1673 552 1744 sanitatis
575 1673 755 1765 rationem,
783 1673 818 1745 in
843 1685 953 1745 nostra
967 1673 1127 1751 videban-

146 1801 201 1865 ttu
223 1778 380 1864 medendi
406 1790 479 1864 idea
502 1791 710 1890 praeclarum
738 1791 861 1866 habere
886 1794 1029 1892 potuisse
1052 1795 1131 1870 fun·

147 1907 371 1985 (iumentum.
399 1909 554 2012 Namque
580 1914 743 1985 Gannnus
781 1912 960 1986 incidenter
1000 1940 1128 1990 memo—

146 2038 275 2105 iuverat
299 2032 502 2103 sanatamin
539 2032 611 2104 viro
641 2023 826 2105 'ischiadem
867 2046 1026 2133 quatuor
1043 2037 1130 2135 jam

148 2172 270 2223 annos
291 2152 413 2248 parvis
428 2149 623 2223 interuallis
640 2164 908 2237 recurrentem,
935 2165 1132 2252 postquam

148 2280 318 2343 curatum
328 2267 494 2372 suerat,
521 2269 621 2371 quod
633 2283 826 2367 acceperat
839 2270 967 2344 uulnus
983 2275 1020 2346 in
1044 2272 1135 2348 mal-

151 2389 278 2479 leolo,
305 2392 440 2490 inquo
464 2396 601 2464 arteria
613 2387 906 2492 fioeratdr'scissa
933 2387 1017 2491 (g).
1046 2391 1133 2466 Mihi

152 2528 233 2583 vero
257 2506 432 2582 videbatur
454 2508 537 2583 iliud
561 2507 703 2582 malleoli
727 2507 847 2584 varinus
864 2507 1014 2582 ischiadis
1038 2538 1132 2586 cura-

151 2627 233 2700 tioni
263 2625 415 2723 prodesse
438 2630 610 2727 potuisse,
644 2640 817 2726 propterea
854 2626 945 2727 quod
982 2629 1135 2704 inciderit

152 2746 239 2820 sorte
263 2745 459 2842 inlocum,
486 2746 550 2819 sub
575 2773 642 2847 quo
676 2772 797 2821 nervus
837 2746 988 2820 laborans
1022 2775 1137 2824 excur-

154 2865 281 2960 rebat,
307 2868 442 2967 ejusque
466 2867 599 2965 vaginas
622 2869 811 2939 vacuaverit
830 2919 838 2937 .
856 2865 995 2939 Paucas
1021 2882 1133 2944 autem

154 2984 199 3060 ab
225 2984 392 3078 Acarna,
420 2988 473 3060 cui
498 2987 643 3060 maxima
667 2985 728 3059 suit
752 2985 796 3057 ad
836 2984 1014 3059 ischiadem
1052 3014 1129 3086 per-

155 3103 337 3181 curandam
362 3108 397 3179 in
422 3108 556 3192 ustione,
574 3107 716 3200 fiducia,
745 3108 831 3178 iuter
855 3104 994 3178 sedesin
1011 3107 1135 3182 ischia-

157 3225 197 3300 dc
223 3224 364 3301 urendas
388 3224 504 3301 locum
527 3226 671 3301 maxime
711 3227 808 3326 elegit
832 3251 945 3326 supra
985 3229 1134 3302 malleo-

159 3342 233 3418 lum
256 3347 478 3418 exteriorem
505 3339 593 3445 (h);
621 3370 707 3446 quae
740 3345 854 3436 ustio,
881 3344 964 3417 sorte
997 3345 1132 3420 fortuna

161 3461 247 3538 utilis
271 3460 472 3565 quandoque
496 3478 657 3562 experta,
683 3466 849 3539 rationem
862 3463 986 3538 habere
1010 3468 1136 3564 potuis-

164 3606 198 3656 se
222 3579 427 3678 videbatur,
464 3583 555 3685 quod
578 3583 622 3657 ad
644 3584 746 3658 imam
760 3581 996 3659 subcutaneam
1023 3583 1139 3659 ischia·

563 3741 765 3761 ψ

165 3816 213 3908 (g)
235 3813 277 3900 lu
299 3813 386 3882 libro
409 3815 449 3886 de
474 3819 635 3911 sanguinis
678 3816 733 3907 (h)
757 3816 804 3883 De
826 3840 862 3882 re
896 3813 1019 3881 medica
1056 3811 1131 3884 Lib.

209 3927 384 3994 missione.
728 3917 786 3993 vas
807 3951 879 4017 cap.
906 3948 1022 3994 narra.
