2544 4710
612 377 797 477 (326)

210 546 300 645 lique
332 540 511 641 frequentia
536 521 774 612 'mtoeamusz
810 550 847 610 ut
873 537 990 611 'mltum
1021 542 1121 638 possit
1155 539 1205 632 ad·

210 667 375 764 passivas
400 656 507 732 febres
531 655 729 750 accenseri,
749 682 830 756 quas
855 655 980 730 Natura
1005 654 1118 730 veluti>
1135 660 1199 734 im·

211 784 312 882 petita
338 780 463 873 sentit,
491 791 523 852 et
547 778 612 851 fert
636 778 764 871 invite,
792 800 858 848 non
874 775 917 848 ad
935 782 1073 851 activas
1090 833 1100 867 ,
1119 805 1201 878 quas

213 907 283 1002 ipsa
308 899 456 975 eonmlto
480 913 620 997 movet,
645 912 676 972 et
702 897 829 999 quibus
850 895 1004 972 levatur.
1043 897 1203 998 Optabile

211 1021 291 1097 iden
313 1023 394 1096 soret
419 1047 538 1096 vacare
561 1021 623 1095 bac
650 1018 742 1092 febre
766 1016 895 1094 variolis
932 1017 1090 1092 invasos:
1132 1019 1201 1094 feli-

215 1142 325 1235 citas,
353 1141 414 1214 nisi
438 1166 497 1212 me
519 1137 676 1215 nonnulla
701 1137 898 1236 deceperunt
914 1137 1095 1236 exempla,
1120 1166 1203 1239 pau-

215 1261 263 1332 cis
288 1278 366 1332 vere
390 1269 582 1331 reservata.
611 1255 701 1330 Nam
726 1255 793 1330 vidi
818 1280 1056 1358 nonnunquam
1082 1256 1202 1333 iacten-

214 1390 263 1448 tes
287 1400 440 1479 pueros,
463 1373 667 1474 alterumque
704 1373 889 1467 biennem,
917 1377 985 1449 sine
1022 1378 1204 1455 observatis

192 1491 513 1588 eonvulsionibus,
540 1494 608 1565 sine
634 1491 726 1565 febre
751 1495 919 1567 manifesta
939 1551 949 1588 ,
970 1496 1057 1571 felici
1080 1514 1204 1574 eventu

216 1611 312 1690 antea
336 1615 532 1700 rammasse,
560 1643 660 1716 quam
687 1615 818 1687 venturi
843 1615 951 1688 morbi
986 1622 1201 1718 suspicionem

216 1741 408 1819 efficerent:
437 1736 498 1809 nisi
522 1737 606 1810 forte
632 1737 666 1808 in
690 1735 742 1807 his
766 1734 859 1808 latuit
884 1737 991 1836 potius
1007 1764 1081 1833 res,
1102 1767 1202 1841 quarn

87 1869 89 1873 ’
217 1859 352 1932 defuit.
382 1853 559 1954 Quidquid
584 1867 727 1926 attamen
751 1853 876 1946 suctit,
904 1855 930 1926 si
960 1857 1062 1930 vitare
1097 1862 1205 1932 vario·

216 1981 278 2053 iusi
303 1977 482 2076 eruptionis
506 1971 653 2073 tempore
678 1973 804 2046 febrem
829 2001 895 2047 non
927 1992 1091 2074 possunt,
1121 1979 1205 2051 desi·

218 2099 363 2173 donabile
389 2111 436 2170 est
462 2110 499 2170 ut
525 2097 630 2168 serant
655 2089 929 2194 quammioimam
957 2096 1049 2169 ‚Cui
1066 2098 1205 2197 qualita-

219 2221 377 2293 ti-sanere
402 2229 540 2315 possunt
565 2215 689 2312 optime
720 2217 870 2312 purgatio
906 2215 970 2290 alvi
1000 2214 1201 2319 (Lxxrv),

219 2353 251 2412 et
277 2337 349 2410 lecti
377 2335 451 2431 tuga
477 2328 625 2432 (avr).
653 2329 741 2403 Nam
767 2328 821 2403 illa
838 2358 1013 2425 caussam,
1040 2361 1107 2434 qua
1130 2363 1205 2434 per·

107 2475 112 2487 ²
171 2520 174 2542 1
218 2456 301 2529 verti
325 2466 465 2551 posset,
494 2464 526 2522 et
557 2451 700 2547 augeri,
739 2447 819 2524 haec
841 2448 978 2523 effectus
1015 2454 1121 2549 ejus,
1148 2458 1204 2554 qui

218 2576 364 2652 maxime
387 2573 541 2665 obsunt,
569 2569 747 2642 debilitat.
776 2568 876 2644 Nulla
901 2573 991 2645 enim
1005 2569 1107 2647 febris
1129 2601 1205 2674 pru·

219 2696 334 2769 dirior
360 2693 500 2766 nascitur
524 2690 566 2763 ad
591 2689 843 2789 putrescentiam
862 2745 873 2783 ,
892 2703 925 2763 et
940 2697 1202 2790 corruptionem,

216 2811 379 2886 variolosa
400 2838 412 2898 ·,
437 2835 521 2910 quae
546 2810 617 2906 ejus
640 2804 758 2879 indolis
782 2804 984 2880 characteres
1006 2809 1121 2883 insitos
1146 2810 1204 2882 ba-

218 2937 278 3008 bet
302 2932 346 3004 ab
371 2935 443 3030 ipso
469 2931 576 3030 primo
601 2941 696 3020 ortu,
717 2939 749 2999 et
765 2929 798 3000 in
813 2925 912 3026 pulsu
935 2929 1107 3004 ostendit.
1136 2932 1205 3021 Qui

184 3065 187 3071 '
217 3052 363 3153 pulsus,
390 3076 468 3123 cum
493 3076 512 3120 a
538 3046 688 3124 vanotosi
711 3049 829 3123 veneni
854 3048 888 3122 vi
919 3063 1096 3145 movetur,
1125 3050 1205 3126 haec

221 3175 288 3247 duo
303 3170 414 3246 ¹babet
438 3172 506 3240 fere
530 3166 723 3255 individua,
750 3167 968 3268 frequentiam
995 3167 1203 3270 aequabilem

219 3288 310 3365 nulla
334 3285 523 3393 remissione
562 3286 778 3383 conspicuam
800 3312 834 3357 a
858 3285 1025 3383 'principio
1062 3287 1200 3379 morbi,

221 3437 301 3485 curn
339 3405 549 3479 mollitudine
586 3405 751 3493 arteriae,
777 3415 810 3476 et
846 3402 1022 3477 debilitatis
1044 3405 1202 3481 indiciis.

218 3532 339 3631 anue
366 3525 537 3599 mollitudo
562 3527 614 3600 vd
639 3526 674 3597 in
711 3523 823 3599 medio
856 3524 1108 3601 convulsionem
1145 3527 1204 3600 im·
1249 3558 1254 3566 ¹

217 3665 298 3752 patu
324 3662 372 3757 est
387 3649 566 3720 manifesta
584 3673 594 3735 ;
626 3641 716 3745 quae
738 3673 817 3719 curn
842 3646 920 3720 citra
945 3645 1109 3757 variolas,
1131 3674 1207 3724 cou-

219 3774 370 3848 vulsione
394 3769 593 3860 obtinente,
621 3792 791 3868 nunquam
815 3765 901 3840 alias
915 3767 1140 3866 observetur,
1167 3770 1207 3843 sit

224 3909 355 3996 oportet
377 3889 547 3992 peculiaris
570 3886 705 3997 effectus
729 3887 877 3966 variolosi
892 3890 1039 3969 veneni.
1067 3891 1115 3968 Et
1129 3916 1209 3969 veru
