2544 4710
579 110 712 215 (65)

149 267 369 349 amodum
383 271 484 373 exigit
498 299 509 375 ᾗ
525 268 709 346 teneritudo
724 281 839 346 autern
853 272 1042 351 tunicarum
1058 299 1145 352 som-
1211 359 1216 379 ,

144 414 206 493 per
228 394 340 492 major
362 404 412 467 'est
448 393 482 467 in
510 393 623 483 rasis,
650 415 736 491 quae
775 393 960 467 vicinar'mu
993 393 1144 492 partium

142 506 303 613 pressioni
327 517 437 591 minus
462 515 613 587 omnium
639 511 787 610 subjecta
814 527 920 586 sunt:
948 512 1039 614 qnod
1068 513 1146 588 fere

142 637 317 735 proprium
340 649 389 708 est
413 661 569 710 vasorum
593 638 726 733 vaginas
750 619 1014 733 percurrentium
1050 649 1145 708 trun·

149 757 423 857 ci,sp'riorisque
447 758 638 856 propaginis
662 753 829 830 ischiadici
853 756 976 827 nervi.
1003 752 1065 828 Est
1079 758 1140 854 igi·

148 891 208 953 tur
232 877 276 950 de
299 890 416 953 natura
441 880 584 976 corporis
609 877 774 970 humani,
802 889 841 950 ut
864 878 898 949 in
923 875 974 948 his
997 875 1137 975 potius,
1205 908 1208 915 ·

149 1022 254 1098 quam
279 997 315 1068 in
338 997 472 1071 caeteris
496 995 637 1071 aliorum
674 1022 854 1071 nervorum
884 998 1036 1096 vaginis,
1072 1000 1142 1069 sive

142 1116 241 1219 eopia
263 1114 476 1211 redundent,
504 1119 572 1193 sive
597 1117 749 1191 suediae
773 1130 908 1218 peccent
922 1121 1004 1217 ejus
1019 1112 1140 1191 humo-

146 1262 233 1331 res,
260 1239 444 1313 maximam
467 1240 634 1312 inveniant
658 1232 937 1336 opportunitatem
962 1237 1131 1311 nocendi.

145 1357 262 1449 Quam
286 1382 350 1455 ego
375 1372 457 1456 puto
481 1357 565 1430 nulli
591 1357 766 1430 hominum
792 1355 916 1447 deesse,
936 1381 1139 1455 quamquam
1191 1404 1194 1411 ,

145 1474 252 1579 aliqui·
272 1502 342 1551 esse
365 1477 490 1575 possint
515 1477 546 1549 ei
571 1502 676 1548 norae
718 1477 995 1573 opportuniores:
1023 1502 1140 1575 quom*

145 1594 331 1671 admodum
350 1596 397 1667 itti
422 1610 527 1689 sunt,
566 1597 626 1697 qui
662 1621 846 1668 nervorum
885 1594 1138 1668 ischiadicorum

146 1717 282 1814 vaginas
306 1727 425 1790 natura
462 1695 600 1790 latiores
624 1715 796 1808 habeant,
823 1714 1018 1788 nudioresve
1058 1742 1137 1788 con-

145 1847 270 1909 sueto.
299 1833 389 1909 Nam
413 1836 508 1909 sicuti
533 1835 575 1908 ad
612 1834 855 1934 ophtalmiam,
882 1835 925 1907 ad
949 1837 1133 1933 anginam,

145 1955 378 2030 catamhumve
402 1982 479 2054 prae
502 1957 572 2029 aliis
596 1956 651 2030 alii
675 1955 887 2056 procliviores
901 1972 977 2030 sunt
997 2013 1007 2050 ,
1025 1956 1071 2029 ob
1086 1957 1136 2029 lo-
1237 1948 1241 1956 ¹

146 2192 270 2267 inillis
293 2196 491 2294 corporibus
523 2195 704 2285 habitum3
733 2200 778 2270 sic
811 2197 962 2270 homines
1000 2211 1135 2295 possunt

146 2316 282 2391 sssead
306 2319 494 2416 patiendam
519 2318 697 2392 ischiadem
733 2319 925 2391 intrinsecus
960 2321 1133 2394 excitatam

150 2435 393 2536 dispositiores.
422 2436 474 2510 Ut
497 2463 579 2511 vero
604 2465 646 2512 ex
669 2440 787 2511 caussis
812 2438 1010 2512 extrinsecus
1034 2467 1134 2513 corae

150 2557 319 2658 applicatis
343 2561 399 2632 fiat
415 2563 543 2659 postica
559 2555 675 2633 ischias
692 2585 841 2650 nervosa,
860 2560 1001 2655 ingenita
1016 2561 1134 2632 ischia-

146 2702 184 2753 oo
211 2702 335 2772 norro,
369 2691 403 2751 et
431 2676 587 2752 omnibus
603 2677 720 2751 eadem
737 2679 820 2748 inest
836 2675 1022 2774 dispositio.
1044 2681 1132 2754 Tam
1175 2730 1181 2741 »

146 2794 351 2905 freqrrentem
377 2824 521 2899 namque
545 2797 646 2871 hahet
681 2794 907 2873 musculorum
949 2797 1130 2874 nuditatem

147 2915 325 3018 (mx),
353 2934 391 2993 ut
415 2921 546 3018 frigus,
573 2918 677 2993 aliave
709 2921 842 2991 fortuito
867 2920 900 2989 in
931 2941 1047 2995 coxam
1072 2948 1130 2993 ex-

147 3041 303 3115 trinsecus
325 3044 550 3136 incurrentia,
578 3042 671 3115 facile
696 3043 732 3114 in
755 3045 825 3140 ejus
848 3058 1032 3135 truncum,
1052 3070 1130 3117 cru-

145 3160 312 3263 ratemque
334 3166 523 3260 praesertim
546 3165 784 3262 propaginem,
803 3164 870 3235 vim
888 3164 1011 3260 possint
1035 3190 1129 3238 suam

143 3283 295 3378 proxime
331 3307 515 3358 exercere.
544 3283 657 3376 Quam
687 3283 808 3381 pariter
832 3283 903 3354 vim
929 3308 994 3354 non
1027 3283 1128 3356 semel

140 3401 209 3476 vidi
234 3406 454 3504 propaginem
478 3405 571 3478 nervi
598 3403 735 3475 alteram
759 3403 796 3473 in
821 3427 933 3473 suram
950 3401 1154 3473 demissam'

138 3520 316 3599 identidem
340 3527 486 3599 retulisse
507 3580 516 3597 .
540 3524 664 3598 Retulit
680 3523 821 3597 subinde
836 3548 918 3597 roro
938 3579 947 3613 ,
969 3537 1125 3624 tanquam

139 3641 260 3727 doloris
285 3645 383 3721 radiis
407 3676 427 3720 a
452 3660 574 3720 trunco
597 3643 851 3744 procedentibus
870 3648 1011 3717 invasa:
1040 3658 1074 3716 et
1098 3645 1124 3715 si

896 3772 915 3815 e
