2544 4710
142 530 297 629 sauguine
320 527 528 630 relegatum,
555 555 719 630 regressus
736 528 769 603 iu
795 528 984 628 sauguinem
1011 494 1121 601 deuud
1151 610 1156 618 x

142 651 230 730 fiat.
258 651 337 745 Quo
361 678 427 726 non
452 648 590 729 morbus
613 649 748 752 quidem
772 646 1037 742 recrudesceret,
1064 646 1124 720 sed

139 770 261 846 mmm
285 798 352 848 uon
377 799 495 871 peuce,
522 796 582 847 uec
605 768 787 870 spenrcuda
811 783 943 867 possent
959 794 1122 868 superre-

142 893 241 966 uirc.
271 892 376 984 Quod
396 894 423 966 si
449 892 568 992 quise
593 917 648 968 me
671 904 805 992 ‹prraerat
829 891 972 990 possitue
989 917 1053 988 pus¹
1066 915 1129 962 ra·-

141 1012 302 1089 riolosum
326 1041 347 1086 a
369 1012 513 1112 pustulis
536 1014 570 1085 in
594 1016 784 1108 sanguinem
808 1037 958 1100 remeans
967 1011 1128 1086 infectio-i

141 1134 177 1213 ni
203 1160 308 1209 novae
331 1133 499 1208 homiuem
525 1132 717 1234 subjicere,
743 1130 821 1206 lruic
859 1159 920 1230 ego
945 1157 1040 1229 posse
1065 1156 1124 1204 ne-

144 1251 262 1352 gab03
290 1255 350 1327 etsi
375 1280 437 1351 pus
458 1253 545 1330 idem
571 1251 703 1327 alterius
726 1248 871 1331 bominis
888 1248 1038 1327 nondum
1066 1274 1125 1320 ra-

114 1366 118 1371 *
143 1371 251 1447 riolati
274 1372 422 1470 sanguini
447 1371 641 1448 immixtum
667 1383 753 1444 certe
778 1365 978 1441 rariolaret.
1015 1367 1122 1465 Cujus

141 1493 191 1571 tei
207 1507 296 1567 tunc
320 1494 431 1579 ratio,¹
458 1517 542 1592 quae
568 1516 686 1581 nunc,
714 1486 796 1560 mihi
832 1500 944 1579 certe,
984 1483 1125 1562 obscure

140 1623 220 1703 est,
247 1609 442 1708 apparebit,
471 1636 547 1682 cum
575 1605 787 1686 constiterit,
815 1629 875 1676 cur
899 1615 1041 1675 amatre
1056 1603 1126 1700 jam

139 1730 296 1812 variolata
311 1727 528 1802 variolatnrus
544 1729 653 1800 foetus
669 1723 803 1824 prodeat
821 1772 830 1806 ‚
845 1736 878 1795 et
903 1749 961 1797 cur
986 1719 1129 1796 variola-

141 1861 180 1921 ιο
206 1844 306 1923 smncl
331 1844 461 1919 bomini
475 1847 596 1918 iterum
621 1843 800 1916 variolaudi
817 1840 954 1915 facultas
972 1867 1038 1913 non
1065 1841 1121 1912 sit.

192 1978 212 2051 f
258 1965 466 2039 LXXXIII.
503 1964 668 2038 Hactenus
699 1965 903 2037 ostendimus
943 1959 1128 2033 naturalem
1234 2016 1236 2020 .

141 2084 341 2172 variolarum
366 2084 477 2159 sedem
504 2086 546 2161 ad
571 2099 681 2158 cutem
706 2085 864 2156 extimam
890 2085 1074 2180 pertinere,
1094 2094 1129 2153 et

137 2205 349 2305 pustularum
373 2206 534 2280 fabricam
561 2207 744 2279 extrarias
769 2205 932 2302 sanguinis
952 2202 1126 2296 elaborari,

140 2324 224 2400 idest
249 2349 361 2400 uxrnt
386 2349 520 2399 nurum,
546 2352 642 2399 csse.
670 2327 724 2400 Ex
750 2353 819 2426 quo
844 2327 872 2396 is
897 2324 1034 2398 demum
1061 2351 1120 2397 va·

140 2440 303 2516 riolerum
326 2444 477 2516 Medicus
503 2443 564 2516 crit
589 2444 758 2541 optimus,
785 2443 843 2542 qni
859 2468 878 2512 a
893 2438 1047 2514 vitalibus
1072 2468 1129 2514 or⁴

139 2562 231 2663 gauis
256 2562 407 2636 citissime
432 2561 525 2654 illas,
545 2577 578 2636 et
609 2561 791 2661 plenissime
808 2564 945 2660 ejiciet.
976 2564 1129 2660 Eiicien-

139 2671 176 2758 di
199 2697 311 2756 autern
337 2686 444 2757 omnis
467 2709 520 2755 ars
535 2695 666 2756 constat
683 2685 790 2781 potius
807 2682 1124 2780 impedimentorum

142 2803 335 2898 ablatione;
362 2831 457 2904 quae¹
472 2804 574 2878 fusius
598 2804 847 2895 recensuimus,
882 2825 987 2901 quam
1023 2803 1126 2879 mini-

142 2925 240 3001 sterio
264 2921 475 2997 auxiliorum.
503 2923 608 3016 Nam,
635 2924 661 2995 si
679 2921 857 3018 dempseris
874 2917 1125 3016 impedimenta,

144 3040 288 3116 morbus
312 3067 347 3112 se
374 3042 484 3140 ipsum
508 3054 636 3136 curat,
664 3053 696 3114 et
721 3066 788 3113 uon
815 3038 938 3134 indiget
963 3038 1127 3112 Medico.

143 3158 269 3234 Medici
293 3184 392 3256 opera
418 3159 594 3233 necessaria
607 3171 677 3251 est,
705 3157 765 3231 ubi
781 3172 836 3231 aut
855 3156 1055 3258 praejudicia
1071 3183 1134 3251 ‘re-

145 3273 247 3376 gnaut
271 3275 369 3347 noxia
393 3275 434 3348 de
459 3277 619 3377 regimine
644 3274 873 3371 variolarum,
901 3288 958 3348 eut
985 3304 1128 3376 corpore

143 3396 322 3472 hominum
346 3398 478 3470 variolis·
501 3398 663 3497 prehensa
686 3425 763 3471 sana
788 3423 853 3471 non
891 3410 999 3470 sunt.
1041 3398 1133 3472 Con·

145 3519 311 3620 quiescere
335 3517 423 3591 enim
462 3522 572 3595 morbi
605 3535 729 3595 veteres
766 3531 822 3590 aut
857 3540 924 3589 non
965 3534 1132 3615 possunt,

147 3664 226 3728 curn
250 3633 392 3709 variolae
416 3636 608 3734 invadunt,
635 3653 782 3712 autnon
808 3630 942 3708 solent.
971 3635 1025 3709 Ex
1070 3664 1141 3738 quo
1222 3730 1228 3736 ἱ

148 3754 275 3830 malum
299 3768 347 3827 est
372 3757 541 3833 infirmum
567 3762 739 3860 pravisque
770 3752 968 3828 humoribus
998 3755 1134 3853 plenum

148 3898 264 3974 corpus
290 3873 476 3953 variolarc.
505 3878 597 3970 Quid
622 3893 732 3969 autem
760 3877 794 3948 in
820 3887 909 3945 tanta
947 3874 1015 3950 sive
1038 3879 1135 3952 'vitae
