2544 4710
579 413 709 515 (u)
916 534 920 541 p

104 565 106 569 ⁸
150 565 337 645 ministerio
362 566 531 671 egregium
556 571 638 646 iliud
663 568 853 644 animalium
869 567 1030 671 liquidum
1045 594 1137 644 uen-

142 689 242 782 ficit,
269 688 360 789 quud
384 688 445 762 uhi
485 691 528 764 ad
554 689 688 764 ultimos
706 687 981 764 ‘innumerabiles
1003 698 1132 787 »parre

147 808 198 878 nit
234 811 428 880 arteriarum
462 836 571 883 ramos
603 807 743 882 mirabili
781 804 936 883 artifieio.
959 807 1130 883 distribui-

147 939 232 1000 tur.
260 924 530 1002 Nam³minimae
557 931 693 1002 arteriae
717 951 832 1002 omnes
864 926 900 999 in
924 951 1035 1001 ramus
1067 925 1133 998 dis-

154 1049 301 1146 sipantur
324 1051 540 1146 mitissimos,
568 1077 718 1152 quorum
738 1049 960 1121 terminusest
985 1045 1128 1146 triplex:

143 1163 197 1236 alii
222 1166 311 1240 edim
325 1170 493 1244 ⁴continuo
514 1183 619 1243 tractu
643 1171 676 1241 in
701 1166 899 1265 sanguiseras
915 1192 1014 1241 venas
1026 1180 1129 1239 trans-

150 1301 256 1377 eunt3
286 1288 554 1388 hi·ca1)aci0res:
576 1289 631 1362 alii
660 1290 694 1361 in
708 1288 907 1361 laminarum
925 1286 1127 1361 cellularinm

153 1406 333 1479 interstitiis
357 1406 471 1481 ultima
495 1411 700 1481 extremitate
737 1408 839 1505 aperti
878 1407 1061 1496 desinunt.;
1087 1405 1126 1479 hi
1218 1444 1221 1449 ι

151 1526 257 1623 magu
282 1529 412 1624 angusti
444 1553 454 1599 t
482 1526 534 1600 alii
559 1528 693 1601 tandem
724 1527 942 1625 angustissimi
967 1529 1003 1598 in
1026 1524 1130 1597 libera

132 1637 325 1746 (superficie
349 1663 407 1720 aut
432 1675 607 1722 cavearum
632 1650 812 1746 eorporis„
831 1663 887 1722 aut
902 1649 1125 1747 cutis‚3extre·

148 1765 263 1838 mitate
300 1781 411 1863 aperta
437 1769 682 1840 terminantur.
717 1765 839 1864 ,Itaque
878 1767 1039 1862 sanguis,
1066 1762 1127 1838 ubi

147 1884 206 1958 hos
233 1888 392 1959 terminos
416 1887 609 1961 arteriarum
649 1887 806 1982 attingit,
844 1912 902 1983 per
937 1911 1048 1958 ramos
1079 1883 1128 1954 la-

150 2004 276 2098 tiores,
299 2006 358 2105 qui
383 2006 551 2104 perierunt
576 2006 619 2079 ad
642 2032 768 2096 venas,
796 2006 947 2102 integer,
965 2001 1130 2079 aeveluti
1237 1996 1243 2002 ⁸

147 2133 216 2193 tuto
232 2130 379 2219 'corpore
399 2177 429 2214 „
451 2125 566 2196 transit
584 2149 594 2211 3
621 2120 704 2196 dum
741 2121 785 2193 ad
807 2147 917 2194 ramos
950 2122 1126 2207 minores,

148 2243 207 2340 qui
231 2239 386 2331 desinunt
411 2242 445 2319 in
471 2243 582 2340 spatiis
598 2241 759 2323 cellususis
775 2298 784 2334 ,
801 2267 911 2315 sernsa
927 2267 1004 2341 pars
1027 2269 1130 2344 aquo·
1196 2278 1199 2282 ⁴

149 2388 204 2436 sae
229 2363 380 2435 immixta
406 2363 567 2452 divertit;
595 2377 627 2434 et
637 2365 677 2448 in
693 2362 898 2443 ramusculos
919 2419 928 2457 ‚
956 2365 991 2435 in
1017 2391 1130 2464 super-

148 2480 224 2554 ficie
248 2482 394 2579 partium
421 2482 632 2575 desinentes,
659 2506 735 2582 pars
764 2509 912 2582 aquosa,
939 2485 1128 2565 tenuissima

145 2605 326 2694 omnium,
353 2616 386 2674 et
410 2605 448 2691 iis
475 2605 628 2701 angustiis
654 2630 739 2702 par,
769 2606 866 2677 unice
891 2619 1066 2704 penetrat.
1087 2605 1129 2677 In

148 2750 216 2822 quo
242 2724 385 2821 partium
410 2724 551 2799 discessu
576 2724 657 2796 nihil
682 2725 812 2824 sanguis
826 2725 974 2799 ‘omnino
997 2725 1121 2823 perdit,

146 2845 207 2915 nisi
232 2871 352 2941 parum
376 2848 489 2945 aquosi
510 2873 520 2933 3
548 2873 627 2918 nam
652 2871 754 2930 venae
778 2847 981 2944 sanguiferae
1005 2848 1128 2944 primo-

145 2946 224 3037 rum
248 2968 638 3064 ramorurmsanguinem
671 2981 876 3054 resumunt,·
904 2966 1127 3066 lymphaticae

142 3080 323 3154 inhalantes
339 3182 342 3187 Ι
356 3085 629 3168 secundariorum
643 3113 653 3172 3
682 3083 805 3159 humor
829 3099 940 3165 autem
955 3111 1126 3167 ramorum

145 3203 230 3274 tertii
259 3202 529 3302 ordinisintegre
553 3219 726 3304 evaporat.
756 3205 807 3285 Et·
817 3203 871 3279 hic
897 3229 999 3300 vapor
1011 3205 1040 3275 si
1052 3206 1125 3276 adri

147 3321 294 3418 exposita
318 3324 505 3420 superficies
529 3328 673 3422 partium
699 3339 774 3412 est,
789 3325 886 3397 dumi
913 3322 1019 3421 speeie
1044 3348 1126 3399 avo·

144 3437 213 3511 lans
239 3439 411 3539 dissipatur
436 3457 469 3532 et
493 3444 640 3541 perditur
671 3472 680 3516 ε
711 3442 785 3517 talis
816 3439 1012 3516 insensibilis
1029 3498 1034 3530 ,
1054 3468 1126 3539 per·

146 3557 279 3657 spiratio
318 3577 366 3637 est
397 3551 488 3638 ‘cutis
512 3566 712 3658 universae„
743 3565 907 3654 narium,
947 3561 1123 3657 Erucium,

148 3678 243 3772 oris,
271 3677 469 3775 pulmonum
505 3683 609 3775 ravi:
636 3685 664 3756 si
688 3708 768 3776 veru
799 3681 944 3779 partium
981 3676 1122 3778 supersi-

145 3799 211 3870 cies
236 3825 336 3872 cavea
360 3814 408 3873 est
432 3777 568 3895 incluia,
588 3805 751 3878 coerdtus
766 3799 927 3900 repagulis
941 3798 977 3872 in
993 3828 1111 3901 aquam

140 3918 302 3995 adunatur
334 3948 510 4022 ,perque
528 3922 706 4003 inhalantis
737 3920 899 4017 tuscula,
939 3922 1125 4020 spongiosa-
1211 3966 1214 3972 ·
