2544 4710
510 371 712 524 'lovi
826 461 831 469 ·

149 607 190 657 ex
207 606 275 686 quo
304 606 372 657 non
389 553 524 658 minima
555 585 637 658 ratio
655 595 761 671 tautae
779 577 952 669 mittatis
968 579 1127 667 ,omnium

149 705 381 780 membrorum
398 732 425 779 a·
435 715 541 776 morte
557 718 606 776 est
623 702 831 800 deducenda,
850 704 944 804 ejusq
959 727 1003 788 ue
1019 702 1126 793 llacci

136 827 259 900 ‚ditatis
277 882 288 922 ‚
307 852 409 927 quam
426 827 548 902 viscera
566 825 793 899 ostenderunt.

139 1013 143 1018 .
247 940 333 1018 XX.
354 938 546 1019 Transirem
564 969 651 1018 nunc
665 944 765 1018 etiam
778 943 821 1032 ad
833 941 1124 1019 demonstrandum

158 1065 239 1167 quid
255 1066 337 1141 haec
349 1068 424 1166 ipsa
454 1064 602 1141 docuerit
620 1064 785 1140 cadaveris
802 1064 952 1138 dissectio
979 1063 1021 1137 de
1040 1062 1121 1139 sedi·

151 1184 241 1279 bus,
260 1210 343 1286 quas
360 1185 522 1259 tenuerint
540 1182 709 1279 variolae,
728 1185 790 1257 nisi
807 1197 866 1257 aut
881 1209 942 1283 per
959 1209 995 1255 se
1010 1181 1047 1269 id
1064 1183 1119 1257 fie-

147 1314 200 1374 ret
218 1330 258 1375 ex
275 1317 368 1403 parte
386 1302 613 1396 manifestum,
633 1316 690 1376 eut
706 1304 781 1377 setis
798 1329 902 1375 unum
919 1299 1123 1387 observatia-

147 1447 228 1494 uem
245 1420 441 1517 crederem,
461 1422 635 1524 quee‘rem
654 1433 790 1515 tautam,
811 1423 865 1495 cui
884 1421 1049 1494 maximae
1065 1447 1119 1497 ro·

146 1541 258 1614 ritates
275 1542 481 1635 innitantur,
515 1539 678 1617 deliniret.
699 1538 800 1612 Dabo
816 1536 952 1613 alteram
972 1593 983 1633 ‚
1023 1543 1122 1640 quam

137 1663 180 1748 ,in
196 1688 298 1759 puero
315 1660 492 1735 duodecim
509 1685 672 1734 annorum
688 1659 975 1735 confluentissimis
988 1659 1117 1753 voriolis

146 1781 302 1855 defuncto
322 1835 333 1874 ,
352 1782 549 1854 instituimus
565 1806 577 1853 ι
598 1782 695 1877 cujus
713 1777 822 1853 morbi
841 1777 1012 1852 historiam
1031 1774 1119 1878 (nec

144 1902 232 1975 euim
250 1955 260 1986 ‚
279 1902 341 1973 uisi
358 1926 436 1973 cum
454 1899 496 1972 ad
513 1897 740 1973 dissecandum
758 1897 829 1996 ejus
845 1895 983 1989 cadaver
999 1910 1050 1971 est
1076 1893 1119 1981 el,-

142 2019 264 2116 latum,
284 2017 537 2095 observavimus
554 2018 571 2120 )
587 2017 722 2121 qualem
738 2017 850 2117 accepi
866 2017 1011 2094 uadem.
1032 2021 1117 2119 Brof

23 2128 26 2137 ’
144 2137 240 2212 malis
271 2138 428 2211 acerrima
447 2150 621 2236 tempestas
651 2149 823 2235 exceperat
851 2163 976 2212 annum
1001 2135 1114 2240 1766.

145 2257 254 2356 Cujus
271 2257 387 2357 primis
403 2257 524 2337 diebus
540 2257 691 2333 sublatus
708 2256 749 2347 ‹le
765 2256 871 2357 platea
891 2314 901 2354 ,
921 2258 1043 2360 inqua
1060 2256 1114 2349 de,

143 2380 303 2453 cubuerat
319 2434 329 2475 ,
350 2381 485 2454 infimae
502 2381 600 2454 sortis
615 2405 699 2479 puer
714 2376 857 2476 perlatus
874 2391 923 2450 est
950 2380 986 2452 in
1003 2379 1110 2454 Noso·

152 2499 310 2587 connium.
328 2497 481 2589 Quatuor
492 2501 561 2598 jam
573 2498 642 2571 dies
658 2497 867 2596 prodiverant
877 2496 1036 2573 unciolae.
1056 2497 1112 2590 Vl?

85 2666 91 2684 ι
148 2633 239 2693 xerat
256 2615 414 2694 subdivo
431 2643 513 2718 pene
531 2617 640 2693 nudus
659 2673 670 2712 ,
690 2617 944 2713 nummorum,
963 2633 998 2693 et
1015 2617 1114 2693 abdo·

144 2743 238 2814 mine.
253 2741 426 2840 exceptis,
462 2767 545 2841 quas
561 2740 654 2814 sedes
683 2738 775 2830 laneo
793 2765 905 2838 panno
929 2739 1115 2827 semilacero

142 2860 200 2938 uix
218 2854 378 2959 inpegerat
397 2917 408 2955 ,
442 2861 614 2964 reliquum-
626 2860 771 2961 patebat.
784 2862 944 2946 ,variatae
960 2857 1112 2964 proclive·

140 2994 216 3054 rant
233 3037 243 3074 ,
259 2982 362 3082 [quod
380 2996 413 3055 et
429 2983 491 3083 ipsi
503 2980 736 3082 spectabamus
745 3039 764 3078 .,
784 2983 1107 3065 continentissimae

70 3138 73 3145 ·
141 3095 266 3192 Febris
279 3090 348 3173 erat
359 3127 459 3199 parca
474 3122 580 3202 quum
597 3127 638 3177 eo
651 3101 717 3196 die,
731 3101 790 3204 qui
800 3116 874 3177 erat
891 3104 1005 3180 morbi
1018 3109 1110 3211 quim

137 3226 193 3296 tus
211 3270 238 3312 ,Ν
251 3219 378 3316 partitis
413 3218 553 3312 ⁴‹losibus
569 3219 615 3295 illi
631 3219 852 3297 exhibuerunt
868 3226 1002 3301 unciam
1020 3227 1112 3303 corti·

143 3330 191 3406 cis
208 3337 394 3432 peruviaui.
414 3335 479 3412 Die
496 3353 589 3413 sexto
620 3341 812 3439 suppuratio
828 3344 987 3458 apparuit
1012 3345 1111 3444 plera-

21 3545 26 3551 ·
140 3472 286 3552 rumque
297 3454 512 3553 pustularum
529 3457 648 3546 faciei,-
677 3459 763 3567 sed
752 3462 882 3543 interim
892 3475 1015 3547 tumor
1029 3466 1109 3547 cau

141 3565 252 3665 nullus
269 3585 337 3646 erat
357 3599 496 3675 ,neque
513 3574 548 3649 in
560 3575 684 3656 facie
667 3605 808 3715 ,neque
838 3581 881 3652 in
877 3579 1022 3684 reliquo
1038 3610 1108 3659 mr.

139 3711 250 3786 pore,
269 3708 304 3768 et
318 3691 491 3773 subsidere
495 3695 646 3770 variatae
662 3700 843 3785 universim
857 3701 945 3783 visne
961 3715 1053 3798 suut,
1065 3703 1107 3779 sie

73 3913 76 3917 Ι
140 3822 181 3884 ut
195 3815 337 3920 septimo
353 3829 491 3890 exeunte
512 3815 567 3891 die
584 3820 729 3914 ,multis
745 3820 900 3925 inutiliter
913 3836 1033 3925 ,ιιιιιιΙ
1055 3840 1105 3899 'su-

140 3912 273 4027 blevaii
288 3947 430 4032 posset,
443 3937 587 4033 tentatis,
606 3941 696 4036 gravi
714 3941 781 4038 jam
798 3877 968 4052 anhelitiij
985 3950 1107 4021 mouet

143 4071 266 4152 sopore
280 4051 469 4156 prehensus
476 4070 572 4222 aeger
588 4056 794 4136 occubuerit.
1005 4081 1009 4088 ·
