2544 4710
438 418 445 428 ’
548 414 566 515 (
592 415 705 516 ²⁰⁶)

143 574 201 676 p’a
225 575 380 674 gignatur
402 559 488 648 ultra
518 575 790 677 modim,quae
812 602 993 679 rrumpere
1016 583 1052 656 in
1076 581 1122 654 in·

143 699 261 770 testina
282 695 434 769 crebrius
463 712 574 770 motae
598 697 665 772 alvi
688 713 807 798 potens
828 728 941 777 carm
961 703 1024 776 fir.
1051 693 1127 776 tta-

143 844 211 918 gno
235 816 300 890 lroc
313 797 426 891 aulem
447 815 641 892 humorum
655 817 818 894 inalrum
843 821 1018 914 confluxu,
1032 845 1123 898 mor‘-

140 935 210 1009 bus
233 933 443 1028 variolosus,
470 938 528 1037 qui
552 939 588 1009 in
611 951 692 1010 cute
715 939 880 1032 consedit,
895 941 991 1015 nullo
1015 919 1061 1015 ad
1074 946 1126 1016 sui

144 1059 400 1150 maturitatem,
428 1069 463 1129 et
486 1056 730 1163 plenitudinem
754 1061 977 1158 peragendam
1001 1061 1124 1136 auxilio

144 1177 307 1277 adjutus,
335 1177 457 1252 cmdus
480 1178 620 1279 relinqui
645 1178 747 1252 debet
769 1195 1124 1283 mtemquejpessnm-

138 1298 246 1371 dare.
272 1298 420 1397 Expedit
446 1299 548 1397 igitur
570 1300 773 1394 variolosi5,
812 1323 883 1404 quo
909 1321 1124 1402 cognoscatur

41 1497 46 1505 ,
140 1418 251 1492 ltocne
274 1419 391 1516 jecoris
415 1418 536 1492 affectu
559 1417 625 1490 alvi
650 1417 761 1492 fluxus
787 1422 948 1514 exs‘stat,
975 1449 1019 1496 an
1044 1426 1123 1498 vitio

140 1538 285 1613 aliorum
308 1537 526 1632 humorum,
555 1542 617 1640 qni
643 1530 818 1614 sollicitent
845 1541 1026 1638 intestina,
1053 1543 1124 1617 dili-

140 1673 255 1760 genter
279 1659 385 1732 dextri
409 1658 658 1761 hypochondrii
682 1661 855 1759 margines
878 1661 1071 1762 explorare,
1088 1678 1123 1738 ut

142 1790 299 1871 oonstet,
325 1767 538 1852 excesseritne
560 1781 654 1877 jecur
679 1782 837 1867 terminos
861 1795 1032 1856 costarum
1058 1781 1124 1855 sibi

140 1898 305 2000 praefixos
323 1954 334 1992 ,
354 1926 404 1999 'nn
429 1888 506 1972 suos
530 1901 616 1972 intra
640 1898 760 1972 limites
786 1903 1013 1976 contineatur.
1035 1902 1124 1978 Nam

142 2021 172 2093 si
195 2022 289 2119 jecur
315 2046 383 2093 non
407 2020 582 2114 intnimnr,
596 2020 688 2121 quod
711 2018 810 2094 facile
833 2047 982 2120 pressura
1006 2021 1121 2122 depre

142 2137 298 2212 benditur
313 2196 324 2234 ‚
342 2142 413 2238 ejus
436 2139 705 2213 inflammationis
728 2137 916 2238 periculum
940 2155 1051 2240 potest
1062 2142 1119 2214 ba-

141 2255 217 2333 beri
240 2274 411 2334 remotum
430 2315 441 2355 ,
461 2272 494 2332 et
519 2274 592 2333 tuto
616 2260 687 2363 alvi¹
707 2260 821 2335 fluxus
845 2262 1114 2362 mederipotest.

143 2378 270 2452 Contra
294 2382 322 2451 si
346 2382 511 2471 excrevit,
528 2368 646 2478 anceps
671 2394 720 2453 est
744 2384 857 2456 sistere
881 2381 1010 2474 ulrum,
1030 2409 1124 2483 saepe

146 2500 249 2572 etiam
274 2526 336 2573 nec
359 2497 501 2575 obtineri
526 2512 661 2602 potestj
703 2515 737 2574 et
761 2514 834 2574 tum
859 2503 968 2600 potius
992 2519 1123 2604 oportet

65 2682 71 2687 .
146 2619 399 2695 inflammationi
424 2623 556 2696 visceris
580 2623 762 2714 occurrere,
780 2622 912 2697 obtecto
924 2622 1118 2725 hypochonss

155 2738 235 2814 drio
275 2726 433 2814 latissimo
457 2739 649 2812 vesimtorio
674 2738 691 2837 (
715 2766 822 2841 mm
846 2740 893 2839 ),
920 2739 1116 2834 subacidis,

75 2951 78 2954 ῃ
144 2858 268 2960 frigido
281 2873 375 2961 potn,
406 2861 556 2934 cutaneis
569 2853 707 2958 pustulis
719 2862 801 2959 aptis
809 2860 967 2956 remediis
980 2848 1113 2962 (nxntx)

147 2981 296 3080 adjutis.
325 2979 503 3080 Caeterum
528 2980 589 3051 etsi
614 3003 733 3051 omnes
763 2977 874 3051 morbi
898 2978 1129 3069 inflammato-¹

145 3104 187 3176 rii
210 3100 295 3174 hanc
313 3099 388 3173 bilis
400 3100 565 3203 officinam
592 3124 669 3198 prae
694 3099 834 3173 caeteris
858 3100 1040 3199 impetunt,
1067 3123 1121 3170 va·
1163 3149 1164 3152 ,

147 3218 289 3294 riolosus
313 3231 424 3292 tamen
466 3217 609 3291 morbus
633 3219 733 3316 genio
757 3200 914 3316 singulari
950 3214 1116 3317 (mv)

146 3336 226 3410 huic
250 3360 372 3433 organo
394 3335 524 3430 studet,
542 3347 641 3437 atque
665 3336 708 3410 ad
724 3335 1026 3412 inflammationem
1051 3361 1118 3436 spe·

149 3443 266 3529 cialius
291 3456 459 3554 disponit.
1124 3455 1126 3459 ¹

253 3577 409 3652 XXVII.
439 3578 591 3650 Alterum
615 3601 719 3677 aeque
743 3575 890 3676 dignum,
913 3579 1134 3654 animadve·-

56 3765 59 3769 ,
146 3678 240 3772 sione
265 3695 440 3789 occurrit,
482 3695 574 3796 quod
598 3708 668 3770 tam
707 3693 940 3796 frequentibus
964 3696 1120 3797 exemplis

146 3819 218 3892 vidi
241 3819 277 3890 in
302 3820 380 3890 artis
401 3830 494 3910 'usu,
522 3812 560 3892 ut
583 3837 746 3918 nequeam
769 3816 906 3891 silentio.
920 3821 1096 3915 praeterire
1109 3840 1134 3905 t

88 4034 90 4037 v
149 3965 239 4038 quae
262 3964 448 4038 gangmena
471 3940 640 4016 viscerum
663 3953 712 4014 est
737 3941 878 4014 extincta
902 3929 1115 4039 portacent
