2544 4710
570 437 705 539 (5.6)

141 589 305 724 undenam
330 592 420 666 hunc
449 595 635 670 'humorem
661 599 820 696 accipiant
858 624 1038 674 nervorum
1062 611 1120 673 ιιι·

140 711 261 806 ginae.
284 712 330 784 Et
346 702 521 789 verorum
539 744 678 818 nequea
696 718 832 792 cerebro
846 717 990 792 habeant
1006 719 1120 821 (xxv),

38 929 39 932 Ἴ
140 852 248 929 neque
272 858 291 904 a
315 832 426 929 spinae
450 861 549 908 cavea
585 835 716 936 (xv),
744 851 843 911 restat
867 852 948 910 uta
983 839 1123 936 propriis

139 946 202 1020 illis
225 951 361 1024 arteriis
373 957 561 1054 accipiant,
589 984 674 1058 quae
698 960 831 1058 vaginas
855 962 1010 1033 omnium
1048 985 1129 1032 ner

76 1070 80 1081 ⁴
129 1094 261 1145 vorum
286 1072 389 1146 solent
414 1100 637 1171 percurrere:
628 1107 845 1181 unaeque
875 1079 914 1152 rit
939 1081 973 1154 in
998 1077 1125 1181 reliqua

139 1191 309 1266 interstitia
323 1190 506 1267 ‚cettulosae
530 1196 744 1271 membranae
769 1197 857 1299 (xxa
870 1196 916 1296 )·,
945 1223 1125 1274 nervorum

141 1312 240 1392 etiam
265 1316 301 1394 iu
324 1323 455 1416 vaginas
480 1321 656 1394 humorem
679 1345 886 1394 concrescere
926 1332 1042 1419 aptum
1067 1345 1127 1397 va·

141 1434 214 1530 pori
237 1438 431 1514 immixtum
456 1454 630 1514 eructant„
661 1440 818 1538 Amplam
843 1439 929 1515 hanc
952 1445 1044 1515 enim
1067 1466 1126 1517 vus

141 1555 235 1651 poris
259 1559 350 1637 viam
373 1559 513 1634 ostendit
538 1587 622 1661 aqua
647 1574 759 1656 tepens
786 1616 796 1653 ,
823 1586 908 1660 quae
944 1561 1068 1658 injecta
1090 1565 1130 1647 in,

143 1673 309 1750 cruralem
343 1682 525 1774 arteriam,
554 1680 602 1752 uti
626 1678 784 1779 reliquam
808 1675 913 1756 cruris
938 1679 1127 1754 collatorem
1176 1746 1181 1769 ,

143 1795 392 1893 membranam,
419 1800 466 1873 sic
491 1826 669 1876 nervorum
695 1799 827 1894 vaginas
841 1801 1128 1898 patentissimeim

141 1917 258 1993 vadit.
287 1918 419 2008 Quibus
443 1922 478 1992 in
503 1922 654 2016 vaginis,
691 1918 798 1992 donec
822 1918 942 1991 animal
977 1921 1125 2012 vivum,

143 2040 352 2140 calidumque
377 2055 426 2114 est
449 2099 458 2135 ‚
486 2041 650 2142 quidquid
675 2039 761 2114 itlius
786 2040 938 2112 humoris
975 2018 1132 2112 emanant

143 2162 290 2233 arteriae
304 2159 535 2256 fluidissimum
559 2186 628 2232 esse
665 2173 775 2257 put03
803 2158 920 2231 lentius
945 2187 965 2230 a
990 2171 1124 2252 morte,

1 2297 3 2302 ’
49 2357 51 2363 ,
143 2293 176 2350 ct
192 2279 328 2384 ¹frigore
352 2307 481 2356 accessu
507 2280 695 2380 glutinosius
720 2281 814 2354 steri.
834 2282 885 2357 Re
900 2306 1042 2380 namque
1058 2280 1128 2377 ipsa

145 2401 240 2478 nervi
264 2400 297 2470 in
324 2402 408 2474 vivis
434 2399 683 2492 animantibus,
711 2413 836 2474 actuve'
852 2398 1052 2492 calentibus,
1070 2426 1153 2471 exe·

143 2519 273 2616 pressi,
301 2545 463 2621 aquosum
489 2547 534 2606 cx,
554 2521 679 2617 vaginis
704 2517 909 2612 humorem,
937 2544 1005 2591 non
1029 2515 1129 2629 glutis

145 2665 300 2735 nusum,
325 2642 432 2714 dant:
462 2669 503 2718 ex
529 2640 654 2738 frigidis
679 2641 815 2715 demum
838 2622 946 2715 nervis
960 2644 1029 2738 jam
1055 2639 1129 2737 glu-¹

57 2816 58 2819 ,
144 2762 253 2835 tineus
276 2760 426 2837 elicitur.
454 2764 510 2836 En
534 2762 631 2860 igitur
655 2762 913 2837 demonstratum
938 2761 1023 2836 duos
1055 2787 1125 2834 esse

143 2882 251 2957 fontes
276 2884 367 2978 unde
408 2886 443 2957 in
466 2885 600 2982 vaginas
629 2911 913 2985 quorumcumque
947 2911 1127 2958 nervorum

145 3007 270 3081 derivet
296 3005 446 3100 humor,
474 3005 616 3079 alterum
640 3005 797 3080 calvariae
812 3056 827 3100 -,
854 3018 911 3078 aut
935 3006 1046 3103 spinae
1071 3029 1127 3078 cae

54 3171 56 3174 ⁴
145 3155 252 3224 vum,
281 3128 421 3202 alterum
446 3114 590 3226 proprias
613 3129 825 3225 ipsarummet
857 3127 1050 3225 vaginarum
1074 3154 1128 3200 ara

145 3255 267 3324 terias:
295 3266 328 3322 ct
353 3251 440 3322 illinc
464 3248 645 3348 pauculum
669 3260 701 3321 et
726 3274 891 3346 aquosum
916 3274 1008 3320 mere
1024 3276 1033 3336 3
1050 3247 1126 3346 plue

91 3369 93 3374 ’
142 3374 267 3446 rimum
285 3397 325 3444 ex
337 3373 459 3444 arteriis
475 3428 484 3466 ,
500 3386 532 3443 et
544 3370 650 3470 aliqua
675 3385 767 3467 parte
791 3391 994 3443 concrescere
1010 3384 1128 3468 aptum

144 3496 321 3569 humorem
346 3501 526 3581 nervorum
551 3494 674 3592 vaginis
698 3494 876 3591 impertiri.
905 3491 1003 3565 Nunc
1018 3520 1129 3592 quan,

61 3600 68 3618 ’
146 3618 191 3691 do
215 3616 337 3691 in'boc
363 3616 530 3711 humore,
557 3618 616 3717 qui
640 3642 820 3689 nervorum
844 3616 943 3687 etiam
974 3613 1128 3697 ischiadi7

145 3766 260 3839 corum
285 3739 417 3837 vaginas
430 3737 606 3835 pervadit,
634 3763 746 3810 caussa
771 3734 823 3807 itta
849 3734 990 3833 posticae
1011 3735 1130 3809 ischia-

148 3859 197 3932 dis
223 3885 381 3935 nervosae
407 3857 554 3937 dolorem
579 3859 725 3941 excitans
739 3855 858 3954 residet
883 3852 939 3954 (vr
955 3883 966 3932 ι
980 3854 1028 3956 r),
1043 3882 1132 3956 quo,
