2544 4710
542 416 653 520 (261
682 406 716 521 )’.

141 573 176 646 ni
204 626 215 667 ,
243 586 276 647 et
298 572 443 675 puellam
467 573 564 650 aliam
588 576 772 686 biennem,
812 575 897 651 mira
932 603 984 650 res
1011 577 1119 677 profe-

145 708 232 791 cto,
275 696 489 772 effusionibus
514 697 679 796 sauguinis
714 723 755 771 cx
780 710 874 772 utero
894 741 914 791 ,e
949 696 1119 796 prohibito
1223 734 1226 741 ·

143 813 287 916 (aar)
321 818 522 892 variolarum
562 820 684 913 exitu,
724 820 887 918 periisse.
915 818 995 892 Vidi
1019 821 1119 892 etiam

144 950 256 1010 cutem
280 940 396 1036 ipsam,
418 952 587 1041 tamquam
612 941 644 1011 iu
670 939 829 1013 altionem
845 937 993 1041 denegati
1010 932 1123 1039 hospi·

143 1057 209 1148 lii,
236 1082 364 1132 ueneno
386 1061 455 1158 jam
481 1073 646 1158 vagante,
685 1059 822 1131 denium
847 1056 1118 1159 pessumdatam,

145 1173 317 1246 rarissimis
341 1175 586 1274 apparentibus,
604 1189 646 1265 ¹et
671 1202 772 1279 quam
796 1177 943 1250 minimis
967 1176 1122 1276 pustulis,

146 1303 246 1391 atque
261 1293 398 1367 maculis
424 1293 572 1396 undique
597 1293 822 1394 gangraeaou's
838 1293 880 1365 ad
896 1305 1040 1366 mortem
1061 1300 1125 1366 ns'·

151 1434 218 1508 que
242 1408 411 1506 dilatatis,
451 1425 485 1483 et
508 1411 640 1507 auctis,
678 1410 875 1510 profundius
899 1422 1120 1508 occupatam.

147 1529 253 1618 Quod
278 1558 476 1630 gangraenae
502 1533 620 1608 vitium
649 1551 780 1604 veneno
800 1528 960 1632 ¹familiare
985 1550 1123 1606 curuun

146 1646 247 1723 etiam
272 1632 423 1750 paulibus
447 1650 683 1746 interioribus,
711 1653 737 1724 si
761 1649 888 1748 longius
912 1678 950 1723 ac
983 1677 1043 1750 par
1067 1662 1119 1723 est

144 1774 353 1863 crucientur,
380 1772 617 1846 communicari
642 1771 762 1870 pariter
787 1767 1018 1866 concedemus,
1037 1794 1120 1870 quas

148 1905 236 1964 certe
269 1917 449 1989 gangraena
475 1946 485 1984 ,
515 1917 684 1964 avanano
724 1872 884 1989 producta
925 1915 992 1962 non
1023 1889 1121 1989 plene

98 2025 101 2030 ’
146 2009 306 2104 excluso,
334 2010 452 2108 passim
478 2008 621 2084 vidimus
646 2005 855 2105 occupatas?
884 2005 1020 2079 Etenim
1044 2031 1123 2079 cum

141 2127 397 2221 contendimus,
422 2129 468 2200 ita
492 2124 778 2200 observationibus
802 2127 973 2221 persuasi,
993 2126 1118 2199 viscera

143 2247 375 2348 interioresque
399 2248 491 2320 sedes
515 2273 535 2320 a
560 2243 687 2320 rariolis
712 2270 780 2317 esse
795 2241 950 2338 liberas,
977 2270 1125 2345 quarum

147 2368 284 2439 materia
308 2379 418 2439 cutem
443 2362 547 2438 solam
572 2366 675 2463 possit
699 2361 864 2457 insidere,
888 2389 958 2437 ⁴uon
982 2363 1121 2464 quidem

147 2484 240 2557 sedes
263 2481 333 2555 illas
357 2483 559 2558 declaramus
582 2481 665 2556 labis
686 2481 886 2579 incapaces,
925 2508 1027 2584 quam
1059 2492 1118 2558 ie·

143 2629 266 2677 uenum
291 2609 392 2706 possit
417 2621 525 2682 acute
551 2604 735 2693 exclusum,
750 2615 782 2672 et
808 2603 1000 2676 intrinsecus
1016 2603 1117 2678 ober-

144 2750 251 2819 rans,
279 2740 314 2798 et
338 2727 494 2828 ferociens
518 2725 667 2812 inferre3
694 2718 784 2794 alind
809 2723 951 2823 namque
989 2738 1037 2797 est
1061 2751 1116 2796 re-

145 2848 270 2921 tinendi
295 2847 337 2919 ad
361 2849 445 2923 cutis
468 2846 714 2920 similitudinem
741 2851 886 2937 veneni,
914 2859 981 2935 et,
1009 2869 1112 2944 aeque

144 2993 184 3038 ac
208 2965 305 3060 cutis,
323 2992 359 3038 rc
383 2967 452 3065 ipsa
476 2955 664 3065 postulandi
688 2991 756 3037 esse
780 2979 886 3064 partes
902 2965 1044 3035 internas
1060 2963 1125 3061 ing

139 3111 303 3185 capaces,
330 3086 418 3160 aliud
442 3085 488 3158 ab
512 3087 582 3184 ejus
607 3083 763 3158 diuturna
802 3078 988 3159 incursione
1012 3080 1121 3156 uisen-

136 3207 291 3301 sionem,
319 3220 351 3280 et
377 3207 485 3282 labem
510 3207 577 3306 pati
604 3203 729 3281 nullam
753 3232 878 3305 posse.

240 3329 285 3400 L.
315 3325 405 3400 Seria
428 3326 527 3424 igitur
551 3344 630 3400 cum
652 3323 798 3425 primis,
825 3331 857 3398 et
881 3348 1018 3424 magnae
1032 3323 1127 3398 inda·

137 3448 225 3555 ginis
249 3446 357 3545 indiga
380 3458 428 3519 est
452 3447 616 3546 inquisitio
638 3444 714 3540 rei,
740 3443 883 3546 quaein
907 3455 982 3517 cute
1008 3445 1124 3543 possit,

138 3562 336 3640 vaaiolarum
361 3588 489 3639 veneno
518 3589 559 3674 ne
583 3564 742 3663 figatur,
766 3586 827 3635 nec
850 3561 1029 3656 consistat,
1055 3563 1127 3636 effi·

139 3704 205 3760 cax
230 3682 531 3785 impedimentum,
558 3695 591 3758 ct
614 3681 821 3759 obstaculum
846 3681 1016 3783 objicere.
1045 3661 1123 3774 Qua

144 3807 187 3882 de
212 3835 248 3882 re
271 3834 338 3909 quo
363 3817 510 3881 constare
533 3804 660 3912 plenius
681 3807 804 3906 possit,
831 3802 865 3877 id
881 3803 962 3883 mihi
977 3803 1123 3902 primum
1194 3828 1198 3832 ·

141 3929 328 4006 accuratius
351 3926 478 4005 videtur
501 3923 764 4027 inquirendum,
791 3946 877 4026 quae
901 3923 960 3996 ista
984 3925 1025 3995 sit
1050 3932 1126 4021 sps·
