<?xml version="1.0" encoding="UTF-8"?>
<!DOCTYPE html PUBLIC "-//W3C//DTD XHTML 1.0 Transitional//EN"
    "http://www.w3.org/TR/xhtml1/DTD/xhtml1-transitional.dtd">
<html xmlns="http://www.w3.org/1999/xhtml" xml:lang="en" lang="en">
 <head>
  <title>
</title>
<meta http-equiv="Content-Type" content="text/html;charset=utf-8" />
  <meta name='ocr-system' content='tesseract 3.04.00' />
  <meta name='ocr-capabilities' content='ocr_page ocr_carea ocr_par ocr_line ocrx_word'/>
</head>
<body>
  <div class='ocr_page' id='page_1' title='image "./opusculamedica00cotugoog_0237.png"; bbox 0 0 2544 4710; ppageno 0'>
   <div class='ocr_carea' id='block_1_1' title="bbox 574 386 725 487">
    <p class='ocr_par' dir='ltr' id='par_1_1' title="bbox 574 386 725 487">
     <span class='ocr_line' id='line_1_1' title="bbox 574 386 725 487; baseline 0.02 -3"><span class='ocrx_word' id='word_1_1' title='bbox 574 386 725 487; x_wconf 82' lang='lat'><strong>(22⁰)</strong></span> 
     </span>
    </p>
   </div>
   <div class='ocr_carea' id='block_1_2' title="bbox 51 521 1170 4007">
    <p class='ocr_par' dir='ltr' id='par_1_2' title="bbox 144 521 1170 1000">
     <span class='ocr_line' id='line_1_2' title="bbox 144 521 1145 642; baseline 0.007 -30"><span class='ocrx_word' id='word_1_2' title='bbox 144 562 145 567; x_wconf 70' lang='grc'>’</span> <span class='ocrx_word' id='word_1_3' title='bbox 173 539 378 641; x_wconf 80' lang='lat' dir='ltr'>frequentem</span> <span class='ocrx_word' id='word_1_4' title='bbox 417 557 503 617; x_wconf 85' lang='lat' dir='ltr'>certe</span> <span class='ocrx_word' id='word_1_5' title='bbox 525 568 673 619; x_wconf 80' lang='lat' dir='ltr'><strong>caussam</strong></span> <span class='ocrx_word' id='word_1_6' title='bbox 697 521 887 642; x_wconf 66' lang='lat' dir='ltr'>agreruerit,</span> <span class='ocrx_word' id='word_1_7' title='bbox 932 541 1015 617; x_wconf 90' lang='lat' dir='ltr'>mihi</span> <span class='ocrx_word' id='word_1_8' title='bbox 1040 541 1145 619; x_wconf 84' lang='lat' dir='ltr'>adbuc</span> 
     </span>
     <span class='ocr_line' id='line_1_3' title="bbox 172 657 1144 762; baseline -0.001 -29"><span class='ocrx_word' id='word_1_9' title='bbox 172 661 375 754; x_wconf 82' lang='lat' dir='ltr'>obscuram,</span> <span class='ocrx_word' id='word_1_10' title='bbox 401 662 528 754; x_wconf 86' lang='lat' dir='ltr'>mortis,</span> <span class='ocrx_word' id='word_1_11' title='bbox 548 686 634 762; x_wconf 89' lang='lat' dir='ltr'>quae</span> <span class='ocrx_word' id='word_1_12' title='bbox 658 685 752 760; x_wconf 80' lang='lat' dir='ltr'>saepe</span> <span class='ocrx_word' id='word_1_13' title='bbox 776 657 956 754; x_wconf 77' lang='lat' dir='ltr'>variolosis,</span> <span class='ocrx_word' id='word_1_14' title='bbox 972 660 1144 756; x_wconf 80' lang='lat' dir='ltr'>morbum,</span> 
     </span>
     <span class='ocr_line' id='line_1_4' title="bbox 172 777 1145 879; baseline 0.003 -29"><span class='ocrx_word' id='word_1_15' title='bbox 172 781 283 879; x_wconf 85' lang='lat' dir='ltr'>ipsum</span> <span class='ocrx_word' id='word_1_16' title='bbox 306 779 605 878; x_wconf 81' lang='lat' dir='ltr'>feliciteregressis,</span> <span class='ocrx_word' id='word_1_17' title='bbox 623 777 868 853; x_wconf 77' lang='lat' dir='ltr'>convulsionem</span> <span class='ocrx_word' id='word_1_18' title='bbox 891 780 1065 877; x_wconf 83' lang='lat' dir='ltr'>repentino</span> <span class='ocrx_word' id='word_1_19' title='bbox 1089 780 1145 875; x_wconf 72' lang='lat' dir='ltr'>ad7</span> 
     </span>
     <span class='ocr_line' id='line_1_5' title="bbox 171 897 1170 1000; baseline 0 -25"><span class='ocrx_word' id='word_1_20' title='bbox 171 915 304 995; x_wconf 84' lang='lat' dir='ltr'>ventu,</span> <span class='ocrx_word' id='word_1_21' title='bbox 326 902 562 998; x_wconf 80' lang='lat' dir='ltr'>superveniat.</span> <span class='ocrx_word' id='word_1_22' title='bbox 590 900 637 972; x_wconf 89' lang='lat' dir='ltr'>Et</span> <span class='ocrx_word' id='word_1_23' title='bbox 663 901 780 976; x_wconf 88' lang='lat' dir='ltr'>accidit</span> <span class='ocrx_word' id='word_1_24' title='bbox 804 897 955 1000; x_wconf 79' lang='lat' dir='ltr'><strong>singulari</strong></span> <span class='ocrx_word' id='word_1_25' title='bbox 980 927 1085 994; x_wconf 76' lang='lat' dir='ltr'>casu,</span> <span class='ocrx_word' id='word_1_26' title='bbox 1110 913 1170 975; x_wconf 83' lang='lat' dir='ltr'>ut·</span> 
     </span>
    </p>

    <p class='ocr_par' dir='ltr' id='par_1_3' title="bbox 80 1003 1142 2075">
     <span class='ocr_line' id='line_1_6' title="bbox 80 1003 1141 1116; baseline 0.002 -24"><span class='ocrx_word' id='word_1_27' title='bbox 80 1048 88 1062; x_wconf 70' lang='lat'><strong><em>¹</em></strong></span> <span class='ocrx_word' id='word_1_28' title='bbox 162 1018 289 1094; x_wconf 82' lang='lat' dir='ltr'>-iisdem</span> <span class='ocrx_word' id='word_1_29' title='bbox 312 1017 431 1092; x_wconf 86' lang='lat' dir='ltr'>diebus</span> <span class='ocrx_word' id='word_1_30' title='bbox 453 1043 536 1116; x_wconf 90' lang='lat' dir='ltr'>puer</span> <span class='ocrx_word' id='word_1_31' title='bbox 559 1017 640 1092; x_wconf 87' lang='lat' dir='ltr'>alter</span> <span class='ocrx_word' id='word_1_32' title='bbox 664 1019 707 1094; x_wconf 82' lang='lat' dir='ltr'>a&#39;d</span> <span class='ocrx_word' id='word_1_33' title='bbox 740 1020 966 1095; x_wconf 86' lang='lat' dir='ltr'>dissecandum</span> <span class='ocrx_word' id='word_1_34' title='bbox 1010 1003 1141 1094; x_wconf 67' lang='lat' dir='ltr'>afferre</span> 
     </span>
     <span class='ocr_line' id='line_1_7' title="bbox 161 1140 1142 1242; baseline 0.003 -29"><span class='ocrx_word' id='word_1_35' title='bbox 161 1153 227 1213; x_wconf 68' lang='lat' dir='ltr'>⁴tur</span> <span class='ocrx_word' id='word_1_36' title='bbox 250 1140 353 1213; x_wconf 90' lang='lat' dir='ltr'>ferme</span> <span class='ocrx_word' id='word_1_37' title='bbox 378 1140 524 1238; x_wconf 82' lang='lat' dir='ltr'>ejusdem</span> <span class='ocrx_word' id='word_1_38' title='bbox 549 1142 690 1233; x_wconf 87' lang='lat' dir='ltr'>aetatis,</span> <span class='ocrx_word' id='word_1_39' title='bbox 718 1166 820 1242; x_wconf 91' lang='lat' dir='ltr'>quem</span> <span class='ocrx_word' id='word_1_40' title='bbox 844 1141 1061 1238; x_wconf 83' lang='lat' dir='ltr'>reserabant,</span> <span class='ocrx_word' id='word_1_41' title='bbox 1087 1144 1142 1242; x_wconf 86' lang='lat' dir='ltr'>qui</span> 
     </span>
     <span class='ocr_line' id='line_1_8' title="bbox 169 1260 1140 1361; baseline 0.007 -29"><span class='ocrx_word' id='word_1_42' title='bbox 169 1260 339 1335; x_wconf 87' lang='lat' dir='ltr'>adfuerant</span> <span class='ocrx_word' id='word_1_43' title='bbox 371 1263 575 1361; x_wconf 79' lang='lat' dir='ltr'>aegrotanti,</span> <span class='ocrx_word' id='word_1_44' title='bbox 619 1261 813 1336; x_wconf 81' lang='lat' dir='ltr'>duodecimo</span> <span class='ocrx_word' id='word_1_45' title='bbox 838 1261 947 1337; x_wconf 83' lang='lat' dir='ltr'><strong>morbi</strong></span> <span class='ocrx_word' id='word_1_46' title='bbox 972 1264 1028 1337; x_wconf 83' lang='lat' dir='ltr'>dia</span> <span class='ocrx_word' id='word_1_47' title='bbox 1067 1288 1140 1339; x_wconf 87' lang='lat' dir='ltr'>cum</span> 
     </span>
     <span class='ocr_line' id='line_1_9' title="bbox 168 1366 1137 1481; baseline 0.004 -27"><span class='ocrx_word' id='word_1_48' title='bbox 168 1384 407 1478; x_wconf 86' lang='lat' dir='ltr'>paucissimas,</span> <span class='ocrx_word' id='word_1_49' title='bbox 446 1398 480 1456; x_wconf 89' lang='lat' dir='ltr'>et</span> <span class='ocrx_word' id='word_1_50' title='bbox 502 1381 748 1481; x_wconf 88' lang='lat' dir='ltr'>benignissimas</span> <span class='ocrx_word' id='word_1_51' title='bbox 771 1381 907 1458; x_wconf 83' lang='lat' dir='ltr'>variolas</span> <span class='ocrx_word' id='word_1_52' title='bbox 941 1366 1137 1479; x_wconf 72' lang='lat' dir='ltr'>habuisset,</span> 
     </span>
     <span class='ocr_line' id='line_1_10' title="bbox 165 1496 1136 1602; baseline 0.003 -28"><span class='ocrx_word' id='word_1_53' title='bbox 165 1500 251 1574; x_wconf 90' lang='lat' dir='ltr'>bene</span> <span class='ocrx_word' id='word_1_54' title='bbox 274 1516 476 1598; x_wconf 77' lang='lat' dir='ltr'>maturatae,</span> <span class='ocrx_word' id='word_1_55' title='bbox 503 1519 536 1577; x_wconf 90' lang='lat' dir='ltr'>et</span> <span class='ocrx_word' id='word_1_56' title='bbox 559 1506 626 1578; x_wconf 85' lang='lat' dir='ltr'>fere</span> <span class='ocrx_word' id='word_1_57' title='bbox 649 1505 825 1579; x_wconf 87' lang='lat' dir='ltr'>universim</span> <span class='ocrx_word' id='word_1_58' title='bbox 846 1505 1071 1602; x_wconf 84' lang='lat' dir='ltr'>persiccatas,</span> <span class='ocrx_word' id='word_1_59' title='bbox 1106 1496 1136 1577; x_wconf 83' lang='lat' dir='ltr'>in</span> 
     </span>
     <span class='ocr_line' id='line_1_11' title="bbox 164 1621 1134 1726; baseline 0.005 -32"><span class='ocrx_word' id='word_1_60' title='bbox 164 1621 273 1694; x_wconf 77' lang='lat' dir='ltr'>media</span> <span class='ocrx_word' id='word_1_61' title='bbox 296 1649 354 1722; x_wconf 87' lang='lat' dir='ltr'>spe</span> <span class='ocrx_word' id='word_1_62' title='bbox 378 1625 489 1698; x_wconf 85' lang='lat' dir='ltr'>salutis</span> <span class='ocrx_word' id='word_1_63' title='bbox 512 1680 522 1718; x_wconf 94' lang='lat'>,</span> <span class='ocrx_word' id='word_1_64' title='bbox 549 1639 716 1699; x_wconf 86' lang='lat' dir='ltr'>momento</span> <span class='ocrx_word' id='word_1_65' title='bbox 741 1627 926 1726; x_wconf 89' lang='lat' dir='ltr'>temporis,</span> <span class='ocrx_word' id='word_1_66' title='bbox 954 1623 1134 1700; x_wconf 87' lang='lat' dir='ltr'>convulsio·</span> 
     </span>
     <span class='ocr_line' id='line_1_12' title="bbox 162 1739 1134 1844; baseline 0.005 -31"><span class='ocrx_word' id='word_1_67' title='bbox 162 1765 205 1813; x_wconf 86' lang='lat' dir='ltr'>ne</span> <span class='ocrx_word' id='word_1_68' title='bbox 228 1739 374 1836; x_wconf 84' lang='lat' dir='ltr'>oborta,</span> <span class='ocrx_word' id='word_1_69' title='bbox 401 1743 605 1817; x_wconf 87' lang='lat' dir='ltr'>occubuisse.</span> <span class='ocrx_word' id='word_1_70' title='bbox 639 1743 744 1844; x_wconf 83' lang='lat' dir='ltr'>Cujus</span> <span class='ocrx_word' id='word_1_71' title='bbox 765 1744 917 1817; x_wconf 87' lang='lat' dir='ltr'>interiora</span> <span class='ocrx_word' id='word_1_72' title='bbox 939 1772 1019 1818; x_wconf 92' lang='lat' dir='ltr'>cum</span> <span class='ocrx_word' id='word_1_73' title='bbox 1045 1759 1134 1826; x_wconf 83' lang='lat' dir='ltr'>natu·</span> 
     </span>
     <span class='ocr_line' id='line_1_13' title="bbox 157 1848 1131 1964; baseline 0.005 -35"><span class='ocrx_word' id='word_1_74' title='bbox 157 1856 266 1932; x_wconf 82' lang='lat' dir='ltr'>nalem</span> <span class='ocrx_word' id='word_1_75' title='bbox 283 1859 422 1933; x_wconf 87' lang='lat' dir='ltr'>modum</span> <span class='ocrx_word' id='word_1_76' title='bbox 446 1886 663 1959; x_wconf 38' lang='lat' dir='ltr'>nonlegressa</span> <span class='ocrx_word' id='word_1_77' title='bbox 694 1848 882 1937; x_wconf 77' lang='lat' dir='ltr'>vitarentur</span> <span class='ocrx_word' id='word_1_78' title='bbox 913 1860 1011 1956; x_wconf 88' lang='lat' dir='ltr'>sola,</span> <span class='ocrx_word' id='word_1_79' title='bbox 1054 1887 1131 1964; x_wconf 88' lang='lat' dir='ltr'>quae</span> 
     </span>
     <span class='ocr_line' id='line_1_14' title="bbox 160 1975 1131 2075; baseline 0.006 -27"><span class='ocrx_word' id='word_1_80' title='bbox 160 1975 347 2075; x_wconf 88' lang='lat' dir='ltr'>longissimo</span> <span class='ocrx_word' id='word_1_81' title='bbox 371 1992 477 2052; x_wconf 89' lang='lat' dir='ltr'>tractu</span> <span class='ocrx_word' id='word_1_82' title='bbox 492 1978 687 2073; x_wconf 83' lang='lat' dir='ltr'>rubebant,</span> <span class='ocrx_word' id='word_1_83' title='bbox 714 1981 823 2055; x_wconf 89' lang='lat' dir='ltr'>tenuia</span> <span class='ocrx_word' id='word_1_84' title='bbox 861 1981 1011 2054; x_wconf 87' lang='lat' dir='ltr'>intestina</span> <span class='ocrx_word' id='word_1_85' title='bbox 1053 1980 1131 2055; x_wconf 86' lang='lat' dir='ltr'>lum·</span> 
     </span>
    </p>

    <p class='ocr_par' dir='ltr' id='par_1_4' title="bbox 139 2101 1131 2204">
     <span class='ocr_line' id='line_1_15' title="bbox 139 2101 1131 2204; baseline -0.002 -27"><span class='ocrx_word' id='word_1_86' title='bbox 139 2103 328 2179; x_wconf 83' lang='lat' dir='ltr'>-bricorum</span> <span class='ocrx_word' id='word_1_87' title='bbox 346 2130 441 2204; x_wconf 80' lang='lat' dir='ltr'>grege</span> <span class='ocrx_word' id='word_1_88' title='bbox 474 2104 737 2189; x_wconf 86' lang='lat' dir='ltr'>numerosissimo</span> <span class='ocrx_word' id='word_1_89' title='bbox 764 2101 1005 2202; x_wconf 85' lang='lat' dir='ltr'>replebantur,</span> <span class='ocrx_word' id='word_1_90' title='bbox 1048 2103 1131 2176; x_wconf 79' lang='lat' dir='ltr'>viva-</span> 
     </span>
    </p>

    <p class='ocr_par' dir='ltr' id='par_1_5' title="bbox 103 2219 1128 2326">
     <span class='ocr_line' id='line_1_16' title="bbox 103 2219 1128 2326; baseline -0.009 -26"><span class='ocrx_word' id='word_1_91' title='bbox 103 2318 109 2326; x_wconf 34' lang='lat'>·</span> <span class='ocrx_word' id='word_1_92' title='bbox 159 2227 249 2299; x_wconf 86' lang='lat' dir='ltr'>cium</span> <span class='ocrx_word' id='word_1_93' title='bbox 272 2228 424 2324; x_wconf 89' lang='lat' dir='ltr'>pariter,</span> <span class='ocrx_word' id='word_1_94' title='bbox 451 2227 564 2325; x_wconf 89' lang='lat' dir='ltr'>etqui</span> <span class='ocrx_word' id='word_1_95' title='bbox 588 2221 779 2298; x_wconf 83' lang='lat' dir='ltr'>duodenum</span> <span class='ocrx_word' id='word_1_96' title='bbox 811 2219 1011 2312; x_wconf 88' lang='lat' dir='ltr'>invaserant,</span> <span class='ocrx_word' id='word_1_97' title='bbox 1040 2233 1128 2320; x_wconf 84' lang='lat' dir='ltr'>atque</span> 
     </span>
    </p>

    <p class='ocr_par' dir='ltr' id='par_1_6' title="bbox 158 2340 1130 2445">
     <span class='ocr_line' id='line_1_17' title="bbox 158 2340 1130 2445; baseline -0.007 -25"><span class='ocrx_word' id='word_1_98' title='bbox 158 2344 389 2420; x_wconf 72' lang='lat' dir='ltr'>ventriculum.</span> <span class='ocrx_word' id='word_1_99' title='bbox 417 2346 460 2418; x_wconf 91' lang='lat' dir='ltr'>In</span> <span class='ocrx_word' id='word_1_100' title='bbox 484 2373 549 2445; x_wconf 91' lang='lat' dir='ltr'>qua</span> <span class='ocrx_word' id='word_1_101' title='bbox 572 2371 609 2417; x_wconf 88' lang='lat' dir='ltr'>re</span> <span class='ocrx_word' id='word_1_102' title='bbox 633 2343 781 2442; x_wconf 89' lang='lat' dir='ltr'>primum</span> <span class='ocrx_word' id='word_1_103' title='bbox 795 2340 875 2413; x_wconf 88' lang='lat' dir='ltr'>illud</span> <span class='ocrx_word' id='word_1_104' title='bbox 897 2342 1043 2413; x_wconf 89' lang='lat' dir='ltr'>occurrit</span> <span class='ocrx_word' id='word_1_105' title='bbox 1066 2341 1130 2413; x_wconf 86' lang='lat' dir='ltr'>ani-</span> 
     </span>
    </p>

    <p class='ocr_par' dir='ltr' id='par_1_7' title="bbox 151 2458 1126 2931">
     <span class='ocr_line' id='line_1_18' title="bbox 159 2458 1125 2562; baseline -0.004 -25"><span class='ocrx_word' id='word_1_106' title='bbox 159 2465 383 2541; x_wconf 86' lang='lat' dir='ltr'>madversioue</span> <span class='ocrx_word' id='word_1_107' title='bbox 407 2464 554 2562; x_wconf 85' lang='lat' dir='ltr'>dignum,</span> <span class='ocrx_word' id='word_1_108' title='bbox 573 2479 697 2538; x_wconf 88' lang='lat' dir='ltr'>tantam</span> <span class='ocrx_word' id='word_1_109' title='bbox 710 2487 778 2535; x_wconf 88' lang='lat' dir='ltr'>esse</span> <span class='ocrx_word' id='word_1_110' title='bbox 794 2458 1037 2533; x_wconf 88' lang='lat' dir='ltr'>lumbricorum</span> <span class='ocrx_word' id='word_1_111' title='bbox 1054 2486 1125 2534; x_wconf 88' lang='lat' dir='ltr'>cum</span> 
     </span>
     <span class='ocr_line' id='line_1_19' title="bbox 156 2578 1125 2681; baseline -0.006 -22"><span class='ocrx_word' id='word_1_112' title='bbox 156 2586 323 2660; x_wconf 81' lang='lat' dir='ltr'>variolosis</span> <span class='ocrx_word' id='word_1_113' title='bbox 340 2587 545 2661; x_wconf 80' lang='lat' dir='ltr'>societatem.</span> <span class='ocrx_word' id='word_1_114' title='bbox 573 2584 650 2660; x_wconf 88' lang='lat' dir='ltr'>Non</span> <span class='ocrx_word' id='word_1_115' title='bbox 683 2580 774 2681; x_wconf 86' lang='lat' dir='ltr'>pund</span> <span class='ocrx_word' id='word_1_116' title='bbox 813 2578 989 2680; x_wconf 87' lang='lat' dir='ltr'>aliquando</span> <span class='ocrx_word' id='word_1_117' title='bbox 1020 2578 1125 2653; x_wconf 86' lang='lat' dir='ltr'>abesse</span> 
     </span>
     <span class='ocr_line' id='line_1_20' title="bbox 157 2697 1126 2807; baseline -0.012 -25"><span class='ocrx_word' id='word_1_118' title='bbox 157 2707 336 2782; x_wconf 84' lang='lat' dir='ltr'>lumbricos</span> <span class='ocrx_word' id='word_1_119' title='bbox 361 2733 460 2807; x_wconf 81' lang='lat' dir='ltr'>posse</span> <span class='ocrx_word' id='word_1_120' title='bbox 483 2732 631 2802; x_wconf 78' lang='lat' dir='ltr'>negem,</span> <span class='ocrx_word' id='word_1_121' title='bbox 658 2716 715 2776; x_wconf 88' lang='lat' dir='ltr'>aut</span> <span class='ocrx_word' id='word_1_122' title='bbox 738 2701 827 2803; x_wconf 87' lang='lat' dir='ltr'>quod</span> <span class='ocrx_word' id='word_1_123' title='bbox 851 2714 977 2801; x_wconf 32' lang='lat' dir='ltr'>putem,</span> <span class='ocrx_word' id='word_1_124' title='bbox 991 2697 1126 2774; x_wconf 87' lang='lat' dir='ltr'>variola·</span> 
     </span>
     <span class='ocr_line' id='line_1_21' title="bbox 151 2818 1120 2931; baseline -0.011 -31"><span class='ocrx_word' id='word_1_125' title='bbox 151 2853 233 2900; x_wconf 89' lang='lat' dir='ltr'>rum</span> <span class='ocrx_word' id='word_1_126' title='bbox 257 2852 388 2931; x_wconf 74' lang='lat' dir='ltr'>accessu</span> <span class='ocrx_word' id='word_1_127' title='bbox 411 2823 612 2916; x_wconf 87' lang='lat' dir='ltr'>foecundari,</span> <span class='ocrx_word' id='word_1_128' title='bbox 640 2821 730 2924; x_wconf 88' lang='lat' dir='ltr'>quod</span> <span class='ocrx_word' id='word_1_129' title='bbox 753 2820 823 2912; x_wconf 90' lang='lat' dir='ltr'>fieri</span> <span class='ocrx_word' id='word_1_130' title='bbox 848 2818 985 2922; x_wconf 90' lang='lat' dir='ltr'>quidem</span> <span class='ocrx_word' id='word_1_131' title='bbox 1007 2830 1120 2917; x_wconf 86' lang='lat' dir='ltr'>potest,</span> 
     </span>
    </p>

    <p class='ocr_par' dir='ltr' id='par_1_8' title="bbox 85 2938 1120 3050">
     <span class='ocr_line' id='line_1_22' title="bbox 85 2938 1120 3050; baseline -0.009 -29"><span class='ocrx_word' id='word_1_132' title='bbox 85 3042 88 3048; x_wconf 28' lang='grc' dir='ltr'>Ι</span> <span class='ocrx_word' id='word_1_133' title='bbox 154 2962 189 3021; x_wconf 89' lang='lat' dir='ltr'>nt</span> <span class='ocrx_word' id='word_1_134' title='bbox 213 2946 490 3020; x_wconf 87' lang='lat' dir='ltr'>demonstratione</span> <span class='ocrx_word' id='word_1_135' title='bbox 514 2943 690 3018; x_wconf 77' lang='lat' dir='ltr'>deficitur-2</span> <span class='ocrx_word' id='word_1_136' title='bbox 716 2941 773 3014; x_wconf 83' lang='lat' dir='ltr'>sed</span> <span class='ocrx_word' id='word_1_137' title='bbox 812 2938 905 3043; x_wconf 89' lang='lat' dir='ltr'>quod</span> <span class='ocrx_word' id='word_1_138' title='bbox 944 2939 1120 3050; x_wconf 82' lang='lat' dir='ltr'>lumbrico-</span> 
     </span>
    </p>

    <p class='ocr_par' dir='ltr' id='par_1_9' title="bbox 150 3056 1157 3287">
     <span class='ocr_line' id='line_1_23' title="bbox 150 3056 1157 3164; baseline -0.009 -25"><span class='ocrx_word' id='word_1_139' title='bbox 150 3092 227 3139; x_wconf 91' lang='lat' dir='ltr'>rum</span> <span class='ocrx_word' id='word_1_140' title='bbox 250 3069 418 3164; x_wconf 89' lang='lat' dir='ltr'>progenies</span> <span class='ocrx_word' id='word_1_141' title='bbox 440 3063 642 3138; x_wconf 81' lang='lat' dir='ltr'>variolamm</span> <span class='ocrx_word' id='word_1_142' title='bbox 677 3060 812 3135; x_wconf 89' lang='lat' dir='ltr'>materia</span> <span class='ocrx_word' id='word_1_143' title='bbox 835 3058 917 3131; x_wconf 88' lang='lat' dir='ltr'>adeo</span> <span class='ocrx_word' id='word_1_144' title='bbox 929 3056 1011 3161; x_wconf 81' lang='lat' dir='ltr'>nihil</span> <span class='ocrx_word' id='word_1_145' title='bbox 1035 3058 1117 3160; x_wconf 85' lang='lat' dir='ltr'>quic·</span> <span class='ocrx_word' id='word_1_146' title='bbox 1153 3152 1157 3161; x_wconf 14' lang='grc' dir='ltr'>ἱ</span> 
     </span>
     <span class='ocr_line' id='line_1_24' title="bbox 151 3170 1116 3287; baseline -0.012 -29"><span class='ocrx_word' id='word_1_147' title='bbox 151 3213 252 3287; x_wconf 90' lang='lat' dir='ltr'>quam</span> <span class='ocrx_word' id='word_1_148' title='bbox 277 3185 459 3277; x_wconf 88' lang='lat' dir='ltr'>afficiatur,</span> <span class='ocrx_word' id='word_1_149' title='bbox 487 3195 524 3256; x_wconf 92' lang='lat' dir='ltr'>ut</span> <span class='ocrx_word' id='word_1_150' title='bbox 545 3182 656 3281; x_wconf 88' lang='lat' dir='ltr'>potius</span> <span class='ocrx_word' id='word_1_151' title='bbox 680 3179 899 3277; x_wconf 87' lang='lat' dir='ltr'>pinguescat;</span> <span class='ocrx_word' id='word_1_152' title='bbox 934 3201 1045 3270; x_wconf 88' lang='lat' dir='ltr'>nam,</span> <span class='ocrx_word' id='word_1_153' title='bbox 1073 3170 1116 3248; x_wconf 81' lang='lat' dir='ltr'>rel</span> 
     </span>
    </p>

    <p class='ocr_par' dir='ltr' id='par_1_10' title="bbox 140 3294 1170 3527">
     <span class='ocr_line' id='line_1_25' title="bbox 140 3294 1114 3404; baseline -0.011 -24"><span class='ocrx_word' id='word_1_154' title='bbox 140 3305 271 3381; x_wconf 60' lang='lat' dir='ltr'>&#39;morbo</span> <span class='ocrx_word' id='word_1_155' title='bbox 294 3308 363 3404; x_wconf 89' lang='lat' dir='ltr'>ipso</span> <span class='ocrx_word' id='word_1_156' title='bbox 387 3317 501 3378; x_wconf 84' lang='lat' dir='ltr'>exacto</span> <span class='ocrx_word' id='word_1_157' title='bbox 521 3303 687 3396; x_wconf 85' lang='lat' dir='ltr'>,·rivax,</span> <span class='ocrx_word' id='word_1_158' title='bbox 714 3313 747 3381; x_wconf 84' lang='lat' dir='ltr'>et</span> <span class='ocrx_word' id='word_1_159' title='bbox 769 3296 867 3398; x_wconf 89' lang='lat' dir='ltr'>plena</span> <span class='ocrx_word' id='word_1_160' title='bbox 902 3294 1091 3371; x_wconf 78' lang='lat' dir='ltr'>obser-vam</span> <span class='ocrx_word' id='word_1_161' title='bbox 1103 3318 1114 3379; x_wconf 89' lang='lat'><strong><em>;</em></strong></span> 
     </span>
     <span class='ocr_line' id='line_1_26' title="bbox 151 3403 1170 3527; baseline -0.015 -26"><span class='ocrx_word' id='word_1_162' title='bbox 151 3452 212 3501; x_wconf 91' lang='lat' dir='ltr'>nec</span> <span class='ocrx_word' id='word_1_163' title='bbox 237 3452 384 3527; x_wconf 88' lang='lat' dir='ltr'>unquam</span> <span class='ocrx_word' id='word_1_164' title='bbox 407 3423 478 3518; x_wconf 90' lang='lat' dir='ltr'>illi,</span> <span class='ocrx_word' id='word_1_165' title='bbox 505 3423 643 3496; x_wconf 88' lang='lat' dir='ltr'>dmante</span> <span class='ocrx_word' id='word_1_166' title='bbox 667 3416 813 3512; x_wconf 88' lang='lat' dir='ltr'>morbo,</span> <span class='ocrx_word' id='word_1_167' title='bbox 844 3403 1038 3491; x_wconf 84' lang='lat' dir='ltr'>intestinum</span> <span class='ocrx_word' id='word_1_168' title='bbox 1071 3440 1115 3487; x_wconf 83' lang='lat' dir='ltr'>re-</span> <span class='ocrx_word' id='word_1_169' title='bbox 1167 3500 1170 3507; x_wconf 26' lang='grc' dir='ltr'>Ι</span> 
     </span>
    </p>

    <p class='ocr_par' dir='ltr' id='par_1_11' title="bbox 148 3535 1115 3644">
     <span class='ocr_line' id='line_1_27' title="bbox 148 3535 1115 3644; baseline -0.014 -28"><span class='ocrx_word' id='word_1_170' title='bbox 148 3545 323 3644; x_wconf 87' lang='lat' dir='ltr'>linquant,</span> <span class='ocrx_word' id='word_1_171' title='bbox 350 3545 385 3616; x_wconf 92' lang='lat' dir='ltr'>ni</span> <span class='ocrx_word' id='word_1_172' title='bbox 407 3539 514 3642; x_wconf 85' lang='lat' dir='ltr'>aliqua</span> <span class='ocrx_word' id='word_1_173' title='bbox 538 3538 762 3642; x_wconf 87' lang='lat' dir='ltr'>medicaminis</span> <span class='ocrx_word' id='word_1_174' title='bbox 785 3537 819 3610; x_wconf 88' lang='lat' dir='ltr'>vi</span> <span class='ocrx_word' id='word_1_175' title='bbox 843 3537 957 3627; x_wconf 83' lang='lat' dir='ltr'>sedem</span> <span class='ocrx_word' id='word_1_176' title='bbox 972 3535 1115 3609; x_wconf 86' lang='lat' dir='ltr'>dilectam</span> 
     </span>
    </p>

    <p class='ocr_par' dir='ltr' id='par_1_12' title="bbox 51 3651 1159 4007">
     <span class='ocr_line' id='line_1_28' title="bbox 146 3651 1112 3764; baseline -0.01 -28"><span class='ocrx_word' id='word_1_177' title='bbox 146 3662 291 3738; x_wconf 87' lang='lat' dir='ltr'>deserere</span> <span class='ocrx_word' id='word_1_178' title='bbox 315 3677 505 3764; x_wconf 70' lang='lat' dir='ltr'>cogantur„</span> <span class='ocrx_word' id='word_1_179' title='bbox 532 3661 696 3742; x_wconf 86' lang='lat' dir='ltr'>Videntur</span> <span class='ocrx_word' id='word_1_180' title='bbox 720 3660 859 3732; x_wconf 76' lang='lat' dir='ltr'>etiamr</span> <span class='ocrx_word' id='word_1_181' title='bbox 891 3654 1054 3729; x_wconf 87' lang='lat' dir='ltr'>calorifica</span> <span class='ocrx_word' id='word_1_182' title='bbox 1073 3651 1112 3724; x_wconf 74' lang='lat' dir='ltr'>ta</span> 
     </span>
     <span class='ocr_line' id='line_1_29' title="bbox 88 3775 1115 3886; baseline -0.01 -27"><span class='ocrx_word' id='word_1_183' title='bbox 88 3806 93 3817; x_wconf 83' lang='lat'><strong>·</strong></span> <span class='ocrx_word' id='word_1_184' title='bbox 146 3785 237 3879; x_wconf 89' lang='lat' dir='ltr'>bre,</span> <span class='ocrx_word' id='word_1_185' title='bbox 262 3812 346 3886; x_wconf 89' lang='lat' dir='ltr'>quae</span> <span class='ocrx_word' id='word_1_186' title='bbox 369 3786 514 3884; x_wconf 88' lang='lat' dir='ltr'>seqnitur</span> <span class='ocrx_word' id='word_1_187' title='bbox 537 3780 741 3874; x_wconf 84' lang='lat' dir='ltr'>variolosus,</span> <span class='ocrx_word' id='word_1_188' title='bbox 765 3793 800 3852; x_wconf 89' lang='lat' dir='ltr'>et</span> <span class='ocrx_word' id='word_1_189' title='bbox 817 3775 970 3876; x_wconf 81' lang='lat' dir='ltr'>putridos</span> <span class='ocrx_word' id='word_1_190' title='bbox 1004 3775 1115 3864; x_wconf 18' lang='lat' dir='ltr'>humo,</span> 
     </span>
     <span class='ocr_line' id='line_1_30' title="bbox 51 3892 1159 4007; baseline -0.008 -27"><span class='ocrx_word' id='word_1_191' title='bbox 51 3897 57 3905; x_wconf 72' lang='grc'><strong>’</strong></span> <span class='ocrx_word' id='word_1_192' title='bbox 120 3931 195 3980; x_wconf 75' lang='lat' dir='ltr'>res</span> <span class='ocrx_word' id='word_1_193' title='bbox 218 3907 392 3990; x_wconf 82' lang='lat' dir='ltr'>ineorum</span> <span class='ocrx_word' id='word_1_194' title='bbox 417 3904 565 3982; x_wconf 76' lang='lat' dir='ltr'>intc&#39;sliua</span> <span class='ocrx_word' id='word_1_195' title='bbox 589 3903 676 4002; x_wconf 88' lang='lat' dir='ltr'>cogit</span> <span class='ocrx_word' id='word_1_196' title='bbox 700 3901 853 4007; x_wconf 67' lang='lat' dir='ltr'>depluere</span> <span class='ocrx_word' id='word_1_197' title='bbox 868 3956 896 4001; x_wconf 57' lang='lat'>„</span> <span class='ocrx_word' id='word_1_198' title='bbox 921 3892 1040 4003; x_wconf 63' lang='lat' dir='ltr'>capere</span> <span class='ocrx_word' id='word_1_199' title='bbox 1062 3892 1112 3966; x_wconf 85' lang='lat' dir='ltr'>ali·</span> <span class='ocrx_word' id='word_1_200' title='bbox 1145 3902 1159 3940; x_wconf 53' lang='lat'>2‘</span> 
     </span>
    </p>
   </div>
   <div class='ocr_carea' id='block_1_3' title="bbox 0 0 1276 4710">
    <p class='ocr_par' dir='ltr' id='par_1_13' title="bbox 0 0 1276 4710">
     <span class='ocr_line' id='line_1_31' title="bbox 0 0 1276 4710; baseline 0 6"><span class='ocrx_word' id='word_1_201' title='bbox 0 0 1276 4710; x_wconf 95' lang='lat' dir='ltr'> </span> 
     </span>
    </p>
   </div>
  </div>
 </body>
</html>
