2544 4710
600 410 690 519 (80
713 418 745 519 )’

172 570 325 674 Nonne,
353 570 449 681 qdod
474 581 510 655 in
535 577 576 659 iis
597 584 692 659 nerui
715 579 865 682 pmtihns
889 580 985 658 dolor
1015 578 1160 659 firmiter

168 703 316 797 insidet,
344 729 430 805 quae
469 731 620 780 caussam
643 707 680 779 in
704 731 740 778 se
777 707 945 782 continent
981 703 1158 782 dolendi?

169 826 226 899 Ad
252 823 333 900 haec
351 816 368 921 ,¹
388 830 506 928 quavis
528 828 563 903 in
588 825 666 900 sede
690 851 832 900 neruum
855 822 1071 899 ischiadicum
1095 849 1158 897 ex·

54 1040 57 1050 ,
167 955 329 1026 trinsecus
352 952 550 1050 imprimas,
578 946 672 1020 dolor
711 960 806 1042 antea
829 946 926 1021 silens
963 948 998 1018 in
1022 947 1158 1020 varai-

49 1139 50 1143 ,
168 1070 303 1145 schiade
330 1071 515 1168 saepissime
545 1082 719 1142 revocatur
740 1067 872 1167 :quod
895 1064 978 1139 mihi
1016 1079 1067 1140 est
1092 1044 1156 1140 do*

166 1189 351 1284 camerato,
379 1195 414 1265 in
438 1184 554 1293 quavis
578 1189 686 1265 affecti
710 1190 803 1265 nervi
818 1188 894 1263 sede
917 1214 1070 1263 canuam
1088 1186 1152 1262 do-

167 1313 251 1388 loris
274 1315 464 1408 contineri,
491 1335 578 1413 quae
602 1314 713 1409 urgeri
736 1312 838 1410 possit
860 1309 1089 1400 extrinsecus,
1116 1317 1157 1388 et,

162 1434 312 1535 impelli.
339 1429 472 1509 Dolonis
495 1449 607 1508 autern
631 1458 745 1507 caussa
768 1431 943 1508 comitatui
956 1435 960 1445 ¹
973 1428 1146 1530 hydropi.

166 1551 347 1628 Muliemm
371 1558 450 1629 novi
474 1559 607 1630 tertium
633 1559 701 1655 jam
733 1580 862 1628 annum
886 1550 1066 1628 ischiadem
1089 1579 1148 1652 pa·

166 1675 312 1749 tientcm·
329 1676 678 1776 plane'singnlarem‚
704 1699 725 1750 a
748 1702 882 1750 summa
905 1674 988 1749 tibia
1012 1674 1055 1748 ad
1070 1673 1147 1749 dor·

165 1822 244 1871 sum
266 1778 360 1898 pedis
384 1798 534 1895 dexteri,
562 1796 646 1873 hora
670 1811 745 1872 ante
769 1796 844 1872 solis
869 1822 1026 1873 occasum
1056 1821 1145 1899 qno-

137 1949 139 1954 ·
161 1916 244 1994 tidie
266 1920 494 1996 exacerbatam
512 1978 522 2016 ,
550 1922 592 1993 ad
606 1918 788 1995 diluculum
802 1944 908 2020 usque
923 1919 1145 1993 nevius-cru·

161 2042 338 2117 ciantem.
366 2041 446 2115 Sive
471 2053 686 2143 eo'tennpore
709 2039 779 2142 ipsa
818 2040 1039 2155 loqueretur,
1076 2042 1145 2115 sive

160 2157 332 2261 loquentes
356 2161 465 2261 paullo
489 2160 584 2235 altius
609 2162 765 2257 audiret,
792 2160 878 2235 mira
903 2174 973 2235 erat
1011 2186 1142 2236 aracer·

161 2279 258 2355 batia
284 2280 436 2356 doloris.
464 2283 607 2356 Lectum
640 2282 768 2382 fugiens
799 2282 868 2381 igni
893 2304 968 2355 crus
1002 2280 1142 2355 adffibe·
1176 2372 1179 2379 Ι

158 2397 221 2473 bat
245 2399 351 2478 donec
374 2400 536 2478 violenter
558 2402 796 2478 concalesceret
824 2455 834 2476 .
862 2404 983 2478 Levari
1007 2430 1043 2478 se
1068 2428 1144 2478 sen·

75 2502 79 2509 ’
158 2520 291 2617 tiebat,
319 2522 376 2597 sed
393 2581 407 2619 ,ἵ
430 2538 573 2599 cessante
597 2524 714 2598 ardore
739 2520 852 2622 ignis,
893 2523 1046 2601 acerbius
1069 2539 1143 2599 tor-

157 2641 354 2742 quebatur.
383 2640 479 2718 Hanc
502 2646 584 2744 quis*
598 2645 765 2742 negaverit
788 2639 960 2743 partialem
984 2645 1083 2719 inisse
1099 2648 1140 2719 n-

158 2759 236 2834 biae
260 2760 440 2837 ischiadem
464 2762 646 2866 hydropica
675 2765 760 2839 iacta
784 2790 850 2840 una
875 2748 1044 2841 ischiadici
1064 2795 1139 2842 ner-

116 2958 121 2974 ,
156 2887 191 2956 vi
216 2885 310 2983 parte
351 2911 528 2960 asumma
565 2886 647 2959 tibia
671 2886 726 2960 ad·
742 2885 862 2986 pedem
882 2889 910 2960 i,
936 2887 1142 2962 ischiadicus

156 3028 234 3101 crgo
259 3011 382 3078 nervus
406 2999 585 3078 ischiadem
623 3008 748 3105 patiens
772 3008 841 3081 sive
866 3007 901 3080 in
931 3032 1017 3081 coxa
1042 3006 1139 3082 dolui

154 3125 298 3224 incoepit
317 3129 333 3220 ‚⁴
356 3138 389 3199 et
414 3126 455 3198 ad
481 3127 601 3226 pedem
625 3127 718 3200 desiit
729 3167 749 3222 ·‚
787 3128 855 3202 sire
879 3157 899 3201 a
921 3129 1008 3228 pede
1043 3143 1141 3204 natus

162 3245 307 3316 ascendit
344 3245 387 3317 ad
410 3272 530 3320 coxam
557 3303 567 3341 ,
595 3261 736 3347 quantus
761 3263 903 3348 quantus
927 3251 1140 3349 pertinaciter

152 3363 308 3460 indolet,
336 3365 543 3469 hydropicus
565 3383 643 3443 est.
672 3366 763 3445 Haec
787 3383 899 3445 tamen
922 3371 1073 3472 intelligo
1095 3374 1140 3450 de

154 3486 268 3562 dolore
291 3486 388 3563 nervi
410 3486 466 3563 illo
482 3537 505 3584 ‚=
520 3490 578 3592 qui
604 3503 635 3564 et
668 3493 752 3577 fixus
785 3505 863 3587 est,
893 3506 926 3567 et
955 3498 1137 3594 pertinax,

153 3630 334 3709 veramque
358 3618 531 3685 nervosam
552 3595 735 3686 ischiadem
760 3611 818 3714 (a)
844 3613 970 3705 efficit3
1000 3599 1079 3697 sunt
1103 3640 1141 3689 ει·

152 3727 225 3798 nim
251 3750 355 3826 vagae
378 3728 544 3830 quaedam
579 3729 747 3805 ischiadici
782 3737 877 3809 nerui
910 3739 1139 3834 punctiones;

139 3845 305 3948 fulgura
330 3836 462 3923 doloris
489 3849 609 3949 vulgus
633 3854 795 3952 appellat3
816 3882 936 3958 quaea
953 3838 1063 3935 trunci
1079 3858 1140 3934 clo·

114 3980 116 3986 ·
153 3959 223 4037 lore
252 3967 288 4038 in
312 3959 422 4044 ramos
447 3986 625 4070 propagato
635 3971 754 4050 lsolent
775 3968 886 4051 oriri.
925 3976 997 4056 Hae
1027 3997 1141 4059 tannen
