2544 4710
655 444 813 551 (276)

245 612 402 683 erim-iam
423 607 533 681 tiberi
558 604 933 705 regiminis-utilitatem.
971 598 1084 692 Quam
1111 599 1224 675 obser·-

242 755 327 817 ‘vare
354 756 386 802 se
411 728 718 817 mihi-affirmavit,
756 728 878 822 etjam
904 721 1223 820 summis.exe1npiis

241 852 386 947 egregie
410 849 520 923 docuit
546 829 669 921 amicus
694 861 815 938 noster,
835 869 934 944 quem
952 843 1088 915 honoris
1114 867 1224 915 caussa

174 1051 176 1054 Α
241 970 420 1059 nomina,
465 966 590 1040 Illustr.
618 966 914 1039 Ineunuouszius.
949 963 1053 1060 Cujus
1083 959 1228 1052 methodi

241 1113 329 1163 *cum
351 1088 443 1160 ratio·
461 1087 502 1158 sit
527 1114 622 1178 una,
648 1098 682 1157 et
706 1099 884 1176 consterna,
928 1108 1035 1182 neque
1061 1085 1224 1180 exceptio·

241 1232 324 1278 *nem
349 1205 416 1279 ullo
440 1232 516 1280 casu
541 1207 720 1298 admittat,
746 1218 913 1278 constante
952 1202 1015 1276 sibi
1039 1203 1170 1277 Natura
1194 1206 1223 1276 in

194 1310 199 1354 ·.
242 1325 420 1424 exigenda
443 1331 527 1401 cutis
550 1327 724 1419 siccitate,
764 1351 831 1426 quo
856 1350 1022 1416 venenum
1045 1325 1082 1395 in
1107 1353 1147 1397 ea
1173 1329 1249 1398 va-'

145 1495 150 1504 ·
247 1447 407 1520 riolosnm
431 1446 603 1544 deponat,
630 1447 797 1519 fatendum
812 1459 859 1519 est
877 1447 1073 1518 contrariam
1100 1443 1224 1518 metho-

240 1565 331 1638 ·dum
363 1559 550 1661 jubentium
575 1566 753 1663 eruptionis
778 1562 974 1638 variolarum
992 1577 1142 1661 tempore
1167 1590 1222 1636 cre·

245 1710 352 1782 grum
377 1691 638 1782 quamprimum
664 1682 795 1756 lectum
818 1698 967 1780 petere,
1005 1681 1054 1755 ibi
1086 1683 1222 1755 decum-

235 1802 326 1876 tere
350 1803 521 1900 stragulis
545 1803 655 1875 solitis
679 1803 728 1875 ub
753 1806 847 1875 ueris
872 1805 1010 1903 injuriis
1034 1802 1218 1895 munitum,

241 1943 435 2020 aeremque
459 1919 611 1992 cubiculi
632 1935 838 2018 tempestate
863 1918 1020 2018 hyemali
1043 1922 1220 1994 luculente

155 2053 161 2070 “
232 2036 325 2139 foco
351 2064 504 2112 accenso
530 2045 724 2138 temperari
736 2065 746 2126 3
761 2064 845 2138 quae
871 2029 1136 2136 ipsa-Monronr
1159 2039 1220 2141 (ir)

245 2157 349 2232 verba
388 2172 494 2244 suut,
523 2155 668 2230 nonnihil
693 2157 839 2247 scholam
859 2213 869 2249 ,
893 2172 926 2230 et
949 2173 1094 2257 systema
1122 2160 1224 2260 hypo-

243 2277 403 2352 theticum
430 2304 568 2375 sapere,
597 2305 709 2351 veram
733 2277 928 2352 variolamm
954 2295 1093 2365 naturae
1119 2283 1223 2380 cogni-

244 2398 366 2470 tionem
391 2420 463 2469 nou
486 2423 622 2494 sapere,
649 2423 764 2498 quae,
792 2411 830 2468 ut
853 2394 971 2494 pluries
994 2396 1125 2474 dicrum
1150 2413 1218 2492 est,

241 2516 365 2615 siccam
392 2498 618 2617 variolentiurn
644 2532 755 2590 cutem
782 2519 893 2614 exigit.

343 2636 478 2738 LVIII.
506 2637 601 2709 Dum
626 2651 769 2710 ettamen
796 2638 927 2710 ostendi
951 2639 1075 2739 quibus
1101 2641 1215 2734 modis,

186 2786 190 2795 ·
248 2755 358 2827 caveri
380 2757 480 2854 possit
506 2783 547 2828 ne
572 2783 735 2856 venenum
753 2757 948 2830 variolosum
973 2773 1082 2856 partes
1103 2759 1220 2862 aliquas

246 2874 411 2968 insideat,
431 2891 463 2947 et
488 2890 639 2973 occupet,
661 2876 768 2967 nolim¹
790 2879 942 2952 credatur
966 2881 1001 2951 in
1018 2877 1056 2952 ea
1083 2909 1140 2955 me
1157 2909 1217 2955 esse

242 2994 429 3086 sententia,
455 3008 494 3066 ut
511 2986 628 3067 ⁴velim'
641 2995 907 3068 commendatum
933 2997 997 3070 hoc
1022 2995 1216 3096 praesidium

163 3145 166 3157 v
248 3110 283 3182 in
296 3108 420 3193 multis
445 3114 589 3210 corporis
613 3113 776 3207 sedibus,
809 3100 890 3215 quas
914 3117 1066 3215 expediat
1094 3120 1214 3197 variole

242 3228 418 3313 inoffensas
442 3229 611 3332 relinqui.
639 3231 730 3306 Nam
754 3249 791 3308 ut
807 3228 909 3309 ‘facile
946 3237 1106 3311 assentiar
1128 3264 1211 3338 prae

220 3358 330 3455 stare
354 3347 462 3426 oculis
486 3378 525 3424 eo
540 3350 712 3450 ,praesidio
735 3379 937 3438 succurrere,
958 3341 1209 3459 nonnunquam,

242 3471 386 3541 maxime
409 3471 445 3542 in
469 3473 611 3570 sequiori
637 3498 733 3567 sexu,
761 3474 986 3570 faciei‚,nelim
1011 3460 1128 3579 tamen
1148 3475 1209 3575 plu

239 3583 362 3659 rimum
386 3609 444 3680 per
469 3613 589 3686 corpus
613 3586 677 3684 hoc
704 3592 927 3691 impedimenti
952 3621 1054 3695 genus
1094 3591 1207 3675 var-iotis

233 3940 286 4034 (k)
310 3940 359 4013 De
383 3942 524 4024 Variolis
547 3968 617 4038 cap.
644 3969 720 4016 vrr.
