2544 4710
568 391 698 497 (30)

141 543 216 647 mur
239 560 393 664 limpidus
416 560 558 649 ellluet3
584 577 644 659 pro
668 557 772 655 eujus·
790 558 936 670 effluxu,
963 557 1021 655 qui
1057 550 1120 626 cira

141 662 179 762 ca
202 676 366 760 summam
390 678 548 781 spinalem
573 675 751 750 medullam
765 675 887 747 humor
903 687 972 746 erat
997 677 1119 747 sensim

142 803 314 877 descendet
333 858 343 895 ,
370 795 546 895 doneeper
558 798 660 900 imam
675 793 875 890 apertionem
901 805 988 864 totus
1004 787 1111 862 ellun·

142 909 262 997 datur.
291 919 393 1012 Quod
418 922 474 1012 si,
502 920 605 1014 capite
629 917 780 1012 integro,
808 911 1000 986 lumborum
1036 939 1111 985 ver-

31 1081 34 1084 ·
142 1041 256 1114 tebrae
274 1029 490 1138 aperiuntur,
517 1033 723 1132 inclususque
748 1026 852 1103 tubus
877 1031 977 1104 durae
1001 1033 1117 1124 matris

144 1162 336 1253 incidatur,
363 1158 484 1238 humor
508 1155 632 1227 affatim
659 1156 833 1250 emerget:
861 1178 899 1224 ac
939 1167 1113 1252 postquam

142 1295 231 1353 tanta
256 1279 406 1352 humoris
429 1280 522 1374 copia
545 1271 700 1366 emersit,
728 1273 904 1374 quantaad
928 1273 1039 1348 locum
1064 1278 1116 1346 in-

143 1403 248 1480 cisum
272 1412 385 1498 sponte
410 1395 601 1490 descendit,
628 1399 655 1468 si
680 1409 777 1492 eaput
801 1395 949 1468 cadaveri
988 1395 1116 1468 attolla-

127 1537 216 1613 tur,
244 1521 496 1619 quatiaturque,
522 1543 634 1590 versus
670 1516 781 1590 locum
805 1529 984 1614 apertum,
1021 1518 1121 1614 quasi
1151 1534 1152 1537 ’

141 1669 227 1714 nova
252 1639 445 1738 scaturigine
479 1651 617 1710 reserata
642 1641 692 1710 vis
716 1635 980 1736 aquae'uberior
1005 1637 1114 1710 denuo

139 1761 364 1834 redundabit.
392 1760 525 1850 Quibus
550 1786 610 1858 ego
635 1756 869 1831 tentaminibus
899 1812 909 1852 ,
936 1759 971 1830 in
1003 1761 1117 1855 viginti

141 1906 224 1978 pene
247 1878 437 1953 adultorum
461 1880 636 1953 hominum
660 1878 889 1970 cadaveribuS,
918 1881 1010 1950 vario
1035 1891 1119 1950 tem-

142 2022 221 2093 pore
246 1999 395 2090 iteratis,
423 2012 593 2097 quatuor,
621 2012 654 2070 et
678 2000 823 2099 quinque
847 1998 945 2069 etiam
970 1998 1120 2102 aliquan-

142 2113 211 2205 do,
239 2140 341 2213 aquae
364 2117 455 2210 potui
479 2118 592 2188 uncias
615 2143 657 2190 ex
682 2119 792 2213 spinae
817 2143 898 2190 cavo
921 2115 1024 2189 liberc
1039 2117 1124 2190 hau-

140 2234 206 2304 rire
222 2287 232 2305 .
249 2233 373 2324 Quam
397 2263 517 2336 aquam
539 2237 796 2334 limpidissimam
820 2237 1007 2338 frequenter
1032 2240 1066 2311 in
1086 2266 1123 2343 a-

141 2352 263 2448 dultis,
290 2384 490 2456 quamquam
514 2357 687 2457 aliquando
710 2356 824 2431 leviter
841 2358 884 2430 ad
899 2358 1029 2432 flavum
1044 2386 1118 2433 ver·

141 2475 298 2573 gentem,
326 2478 359 2547 in
386 2476 528 2549 foetibus
551 2503 632 2551 vero
657 2478 779 2551 difficili
803 2495 898 2578 partu
921 2481 1117 2573 suffocatis,

143 2595 444 2696 quantulacumque
470 2598 560 2691 luit,
594 2599 797 2673 subrubram
835 2627 991 2700 semper,
1019 2616 1120 2704 atque

144 2738 282 2810 opacam
306 2716 461 2789 offendi.

238 2835 341 2908 XIII.
370 2835 463 2935 Num
488 2837 568 2911 haec
585 2853 696 2913 autem
720 2838 867 2915 collectio
895 2840 1041 2916 humoris
1058 2847 1141 2915 cir-¹

129 2958 178 3026 'ca
203 2954 405 3052 cerebrum,
433 2959 654 3060 spinalemque
691 2957 902 3055 medullam,
928 2962 963 3033 in
989 2960 1124 3034 humine

141 3072 238 3167 soleat
261 3092 334 3174 post
358 3093 500 3154 mortem
524 3081 693 3173 inveniri,
720 3083 778 3179 qui
802 3079 884 3155 dum
907 3083 989 3156 vivit
1014 3109 1119 3158 vacua

139 3185 259 3266 haheat
284 3192 337 3266 illa
361 3197 490 3292 spatia,
516 3213 573 3271 aut
597 3222 756 3295 vaporosa
781 3199 871 3273 nube
894 3200 1018 3299 plena,
1048 3219 1124 3276 tur-¹·

119 3309 299 3405 vgidiorive
323 3310 494 3407 medulla,
522 3341 590 3389 non
613 3317 681 3389 sine
717 3318 862 3417 quadam
895 3325 964 3395 veri
986 3350 1045 3421 spe
1069 3326 1123 3397 vi·-

142 3428 210 3500 deri
236 3445 342 3528 posset
367 3427 616 3509 dubitandum.
646 3439 691 3510 At
715 3441 803 3514 enim
827 3442 862 3515 iu
884 3445 952 3518 vita
977 3469 1120 3520 vacuum

145 3551 301 3647 suspicari
327 3555 497 3650 spatium,
524 3554 613 3654 quad
638 3583 657 3628 a
681 3572 787 3630 morte
816 3557 958 3633 humore
986 3561 1125 3658 plenum

141 3669 350 3764 inveniatur,
378 3699 484 3775 neque
507 3675 679 3750 verisimile
703 3692 775 3772 est,
803 3706 909 3780 neque
937 3685 1123 3759 viventium

142 3789 311 3887 explorata
335 3820 469 3891 corpora
490 3798 706 3870 animantium
731 3827 846 3875 verum
871 3800 1115 3914 demunstrant.

59 3956 61 3961 -
142 3911 213 3985 Nec
237 3915 261 3987 si
289 3912 395 3988 nubes
430 3920 608 4015 vaporosa,
637 3919 720 4010 dnm
755 3921 855 3996 homo
880 3927 989 4020 vivit,
1018 3931 1121 4026 spatia
