2544 4710
570 384 701 502 (8¹)

139 542 299 639 volaticae
323 556 428 655 mint,
453 561 723 663 pertinacemque
765 558 926 636 morbum
952 615 963 654 ,
989 562 1025 634 in
1048 573 1117 662 quo

136 706 236 757 verae
260 678 413 755 intendis
436 704 597 754 nervosae
621 680 750 778 positus
776 694 825 752 est
849 679 1031 773 character,
1050 706 1120 753 nou

140 800 374 875 constituunt}
400 816 564 898 spasmos
589 799 801 873 ischiadicos
826 798 1059 897 appellarem.

183 912 383 992 XXXVII.
412 919 469 993 Sic
494 921 604 1021 itaque
627 922 823 1009 constitum
851 945 890 992 ea
930 935 967 995 ut
994 933 1127 995 eontra·¹

137 1036 217 1115 hain
241 1043 278 1114 in
301 1040 426 1134 brevi,
450 1068 537 1142 quae
563 1060 622 1138 per
646 1055 695 1114 tot
732 1042 840 1138 capita
864 1039 969 1114 fusius
1007 1040 1129 1114 edisse*

140 1161 194 1235 rui
222 1184 234 1251 3
263 1158 459 1235 decubitum
490 1159 631 1254 uberis,
665 1160 863 1233 iriitantisve
900 1160 1055 1232 materiae
1080 1158 1129 1230 fa⁴

142 1292 239 1353 etum
260 1278 297 1350 iu
319 1280 455 1375 vaginas
479 1278 646 1352 ischiadici
671 1283 765 1354 nervi
791 1278 972 1354 ischiadem
1008 1303 1132 1352 nerva
1250 1351 1253 1355 ,

139 1423 215 1474 sam
247 1400 408 1499 posticam
433 1399 583 1474 efficere.
605 1397 701 1491 Quae
725 1403 752 1475 ii
777 1400 821 1476 ab
838 1399 935 1476 valde
959 1400 1042 1474 acris
1057 1425 1132 1472 ma·¹

141 1517 247 1620 teriae
276 1517 411 1615 stimulo
435 1520 503 1613 tit,
530 1546 608 1594 cum
640 1521 836 1619 vaginarmn
870 1516 1131 1592 inflammatione

142 1650 254 1739 potest
277 1639 376 1711 oriris
394 1638 681 1738 quemadmodum
697 1640 783 1714 tbne
807 1641 913 1713 oritur
929 1663 1014 1738 quae
1026 1635 1133 1711 acrior

141 1773 192 1833 est
214 1754 360 1855 ischias,
387 1773 420 1831 et
446 1762 646 1835 constantior
660 1780 677 1834 ·.
719 1758 794 1835 Hoc
823 1760 977 1856 primum
1014 1756 1132 1833 morbi

146 1878 294 1955 aedium
318 1894 395 1953 esti
423 1881 518 1980 quod
555 1883 676 1979 excipit
706 1869 887 1980 hydrops,
913 1881 972 1981 qui
1010 1880 1133 1955 confir-i

143 2013 216 2077 mut
241 1998 454 2075 ischiadem.
483 1990 643 2101 Hydrops
669 2027 747 2076 vero
774 2047 785 2097 ,
813 1996 841 2075 s'i
881 2000 1007 2075 diutine
1045 1999 1135 2073 obii-

142 2126 252 2217 tieat,
279 2148 422 2197 nervum
446 2124 605 2221 opprimit
629 2121 737 2217 adeo,
762 2131 802 2196 ut
832 2135 974 2223 nequeat
998 2121 1135 2207 ulterius

146 2240 305 2317 musculis
329 2244 514 2338 inservire,
541 2243 632 2319 unde
671 2241 718 2318 ob
742 2245 837 2319 nervi
868 2243 1066 2339 defectum,
1101 2254 1137 2316 et

146 2358 377 2463 musciilorum
409 2361 468 2435 diu
502 2364 692 2437 feriantium
723 2359 996 2454 hebetudinem,
1032 2363 1138 2436 cruris

142 2478 278 2556 accedet
299 2480 573 2583 semiparalysis.
617 2476 688 2575 Qui
711 2510 807 2583 saepe
833 2503 991 2561 nervosae
1017 2482 1137 2558 ischia*

149 2600 197 2675 dm
211 2600 365 2701 ,possiem
387 2603 542 2675 transitus
566 2606 615 2677 es't
638 2603 834 2689 novissimus
855 2648 864 2674 i
883 2591 996 2677 Habet
1026 2604 1137 2702 itaque

149 2718 291 2815 morbus
314 2717 405 2797 reiut
428 2733 579 2820 tempora
603 2725 686 2817 tria,
712 2723 836 2824 quibus
857 2723 1022 2798 medicam
1037 2749 1138 2822 opem

149 2860 283 2937 lomere
304 2842 434 2938 possita
461 2839 566 2915 habet
588 2843 747 2940 principia
772 2866 868 2938 saepe
893 2845 1072 2940 conjuncta
1086 2841 1142 2913 in-

154 2955 371 3033 flammationi
399 2978 409 3032 t
446 2959 601 3035 habitum
631 2958 859 3060 hydropicum
893 2961 929 3031 iu
964 2959 1136 3033 decursu:

97 3168 99 3175 Ι
157 3078 330 3155 transitum
354 3093 523 3179 postremo
547 3083 582 3155 in
606 3079 866 3180 semiparalysim
885 3133 895 3150 .
914 3078 1041 3153 Contra
1054 3068 1140 3151 haec

97 3214 100 3227 ¹
157 3196 220 3271 nis
230 3198 335 3297 oopiis
351 3196 452 3274 debet
468 3201 643 3293 medicus,
670 3201 800 3299 suisque
814 3195 940 3273 artibus
955 3198 1136 3295 insiugere.

252 3311 468 3399 XXXVIII.
497 3320 540 3395 Iu
564 3321 615 3395 his
641 3318 777 3419 singulis
812 3343 892 3417 ergo
916 3316 1027 3393 stadiis
1065 3342 1140 3393 uer*

158 3452 255 3527 ipsae
277 3437 431 3513 ischiadis
454 3441 597 3539 posticae
613 3497 624 3536 ,
652 3467 739 3541 quae
754 3437 853 3537 longo
869 3437 970 3513 uobis
986 3464 1051 3513 usu
1061 3464 1140 3537 pro·

158 3551 252 3641 ,inae
276 3566 354 3631 suot
378 3556 475 3649 visa,
501 3584 592 3633 nuuc
616 3556 789 3657 diligenter
813 3555 1064 3631 enarrabimus.
1092 3556 1141 3629 Et

163 3674 297 3777 quidem
320 3681 356 3752 iu
379 3678 505 3773 initiis,
541 3679 676 3781 quando
708 3678 834 3754 saevior
859 3691 942 3772 est,
969 3690 1004 3753 et
1038 3678 1141 3752 oonti-

165 3799 290 3873 nentinr
312 3798 451 3895 ischias,
479 3802 561 3873 mire
588 3820 717 3901 semper
728 3801 851 3903 profuit
875 3797 1039 3898 sangiunis
1063 3797 1167 3869 iuis--

167 3910 240 4013 sio,
264 3944 352 4023 qima
374 3915 495 3995 levavit
519 3946 647 4019 semper
671 3919 857 4016 morbum,
884 3917 1082 4036 quandoque
1107 3939 1142 3987 e·
