<?xml version="1.0" encoding="UTF-8"?>
<!DOCTYPE html PUBLIC "-//W3C//DTD XHTML 1.0 Transitional//EN"
    "http://www.w3.org/TR/xhtml1/DTD/xhtml1-transitional.dtd">
<html xmlns="http://www.w3.org/1999/xhtml" xml:lang="en" lang="en">
 <head>
  <title>
</title>
<meta http-equiv="Content-Type" content="text/html;charset=utf-8" />
  <meta name='ocr-system' content='tesseract 3.04.00' />
  <meta name='ocr-capabilities' content='ocr_page ocr_carea ocr_par ocr_line ocrx_word'/>
</head>
<body>
  <div class='ocr_page' id='page_1' title='image "./opusculamedica00cotugoog_0154.png"; bbox 0 0 2544 4710; ppageno 0'>
   <div class='ocr_carea' id='block_1_1' title="bbox 578 386 905 525">
    <p class='ocr_par' dir='ltr' id='par_1_1' title="bbox 578 386 905 525">
     <span class='ocr_line' id='line_1_1' title="bbox 578 386 905 525; baseline 0 -2"><span class='ocrx_word' id='word_1_1' title='bbox 578 386 800 525; x_wconf 70' lang='lat' dir='ltr'><strong>(aar</strong></span> <span class='ocrx_word' id='word_1_2' title='bbox 899 426 905 434; x_wconf 89' lang='lat'>·</span> 
     </span>
    </p>
   </div>
   <div class='ocr_carea' id='block_1_2' title="bbox 129 577 1212 4032">
    <p class='ocr_par' dir='ltr' id='par_1_2' title="bbox 152 577 1141 1278">
     <span class='ocr_line' id='line_1_2' title="bbox 159 577 1136 682; baseline 0 -24"><span class='ocrx_word' id='word_1_3' title='bbox 159 579 291 681; x_wconf 80' lang='lat' dir='ltr'><strong>tiposse</strong></span> <span class='ocrx_word' id='word_1_4' title='bbox 301 577 481 680; x_wconf 84' lang='lat' dir='ltr'><strong>plurimum</strong></span> <span class='ocrx_word' id='word_1_5' title='bbox 493 579 601 656; x_wconf 86' lang='lat' dir='ltr'><strong>valere</strong></span> <span class='ocrx_word' id='word_1_6' title='bbox 614 635 623 652; x_wconf 86' lang='lat'><strong>.</strong></span> <span class='ocrx_word' id='word_1_7' title='bbox 637 581 745 682; x_wconf 85' lang='lat' dir='ltr'><strong>quue</strong></span> <span class='ocrx_word' id='word_1_8' title='bbox 757 581 821 655; x_wconf 88' lang='lat' dir='ltr'><strong>hoc</strong></span> <span class='ocrx_word' id='word_1_9' title='bbox 832 609 920 656; x_wconf 88' lang='lat' dir='ltr'><strong>anno</strong></span> <span class='ocrx_word' id='word_1_10' title='bbox 933 606 1136 676; x_wconf 76' lang='lat' dir='ltr'><strong>trecennis,</strong></span> 
     </span>
     <span class='ocr_line' id='line_1_3' title="bbox 152 699 1136 803; baseline 0.004 -30"><span class='ocrx_word' id='word_1_11' title='bbox 152 729 267 801; x_wconf 86' lang='lat' dir='ltr'><strong>quum</strong></span> <span class='ocrx_word' id='word_1_12' title='bbox 292 699 433 799; x_wconf 79' lang='lat' dir='ltr'>Neapoli</span> <span class='ocrx_word' id='word_1_13' title='bbox 461 701 627 775; x_wconf 88' lang='lat' dir='ltr'><strong>rarissimo</strong></span> <span class='ocrx_word' id='word_1_14' title='bbox 652 700 805 799; x_wconf 77' lang='lat' dir='ltr'><strong>exemplo</strong></span> <span class='ocrx_word' id='word_1_15' title='bbox 842 701 993 803; x_wconf 83' lang='lat' dir='ltr'><strong>hyems,</strong></span> <span class='ocrx_word' id='word_1_16' title='bbox 1022 718 1054 777; x_wconf 89' lang='lat' dir='ltr'><strong>ct</strong></span> <span class='ocrx_word' id='word_1_17' title='bbox 1078 731 1136 778; x_wconf 88' lang='lat' dir='ltr'><strong>ver</strong></span> 
     </span>
     <span class='ocr_line' id='line_1_4' title="bbox 154 818 1138 920; baseline 0.003 -28"><span class='ocrx_word' id='word_1_18' title='bbox 154 818 357 918; x_wconf 85' lang='lat' dir='ltr'><strong>impluvius,</strong></span> <span class='ocrx_word' id='word_1_19' title='bbox 375 833 454 918; x_wconf 89' lang='lat' dir='ltr'><strong>post</strong></span> <span class='ocrx_word' id='word_1_20' title='bbox 477 846 613 918; x_wconf 85' lang='lat' dir='ltr'><strong>magnas</strong></span> <span class='ocrx_word' id='word_1_21' title='bbox 637 834 672 895; x_wconf 88' lang='lat' dir='ltr'><strong>et</strong></span> <span class='ocrx_word' id='word_1_22' title='bbox 696 822 804 894; x_wconf 85' lang='lat' dir='ltr'><strong>varias</strong></span> <span class='ocrx_word' id='word_1_23' title='bbox 827 823 1072 920; x_wconf 80' lang='lat' dir='ltr'><strong>aegritudines,</strong></span> <span class='ocrx_word' id='word_1_24' title='bbox 1088 826 1138 895; x_wconf 92' lang='lat' dir='ltr'><strong>in-</strong></span> 
     </span>
     <span class='ocr_line' id='line_1_5' title="bbox 155 935 1140 1037; baseline 0.007 -28"><span class='ocrx_word' id='word_1_25' title='bbox 155 935 300 1011; x_wconf 88' lang='lat' dir='ltr'><strong>clinante</strong></span> <span class='ocrx_word' id='word_1_26' title='bbox 324 963 433 1032; x_wconf 85' lang='lat' dir='ltr'><strong>vere,</strong></span> <span class='ocrx_word' id='word_1_27' title='bbox 461 938 654 1037; x_wconf 83' lang='lat' dir='ltr'><strong>podagricos</strong></span> <span class='ocrx_word' id='word_1_28' title='bbox 678 939 831 1036; x_wconf 87' lang='lat' dir='ltr'><strong>multos,</strong></span> <span class='ocrx_word' id='word_1_29' title='bbox 864 957 897 1016; x_wconf 89' lang='lat' dir='ltr'><strong>ct</strong></span> <span class='ocrx_word' id='word_1_30' title='bbox 920 943 1004 1016; x_wconf 89' lang='lat' dir='ltr'><strong>inter</strong></span> <span class='ocrx_word' id='word_1_31' title='bbox 1019 943 1080 1016; x_wconf 89' lang='lat' dir='ltr'><strong>hos</strong></span> <span class='ocrx_word' id='word_1_32' title='bbox 1100 949 1140 994; x_wconf 73' lang='lat'><strong>⁰¹</strong></span> 
     </span>
     <span class='ocr_line' id='line_1_6' title="bbox 155 1057 1141 1162; baseline 0.009 -33"><span class='ocrx_word' id='word_1_33' title='bbox 155 1059 265 1131; x_wconf 87' lang='lat' dir='ltr'><strong>nervis</strong></span> <span class='ocrx_word' id='word_1_34' title='bbox 289 1057 455 1153; x_wconf 83' lang='lat' dir='ltr'><strong>affectos,</strong></span> <span class='ocrx_word' id='word_1_35' title='bbox 483 1059 664 1134; x_wconf 82' lang='lat' dir='ltr'><strong>effecissent</strong></span> <span class='ocrx_word' id='word_1_36' title='bbox 682 1117 693 1155; x_wconf 85' lang='lat'>‚</span> <span class='ocrx_word' id='word_1_37' title='bbox 722 1061 854 1135; x_wconf 87' lang='lat' dir='ltr'><strong>duobus</strong></span> <span class='ocrx_word' id='word_1_38' title='bbox 869 1065 904 1135; x_wconf 91' lang='lat' dir='ltr'><strong>in</strong></span> <span class='ocrx_word' id='word_1_39' title='bbox 920 1062 1077 1162; x_wconf 82' lang='lat' dir='ltr'><strong>exemplis</strong></span> <span class='ocrx_word' id='word_1_40' title='bbox 1092 1064 1141 1138; x_wconf 89' lang='lat' dir='ltr'><strong>se·</strong></span> 
     </span>
     <span class='ocr_line' id='line_1_7' title="bbox 164 1174 961 1278; baseline 0.01 -32"><span class='ocrx_word' id='word_1_41' title='bbox 164 1174 316 1256; x_wconf 78' lang='lat' dir='ltr'><strong>licissime</strong></span> <span class='ocrx_word' id='word_1_42' title='bbox 339 1205 415 1253; x_wconf 90' lang='lat' dir='ltr'><strong>sum</strong></span> <span class='ocrx_word' id='word_1_43' title='bbox 440 1194 617 1278; x_wconf 82' lang='lat' dir='ltr'><strong>expertus.</strong></span> <span class='ocrx_word' id='word_1_44' title='bbox 958 1256 961 1261; x_wconf 78' lang='grc'><strong>,</strong></span> 
     </span>
    </p>

    <p class='ocr_par' dir='ltr' id='par_1_3' title="bbox 147 1297 1140 3073">
     <span class='ocr_line' id='line_1_8' title="bbox 259 1297 1140 1401; baseline 0.006 -34"><span class='ocrx_word' id='word_1_45' title='bbox 259 1297 357 1370; x_wconf 89' lang='lat' dir='ltr'><strong>LXI.</strong></span> <span class='ocrx_word' id='word_1_46' title='bbox 387 1298 561 1372; x_wconf 88' lang='lat' dir='ltr'><strong>Transitus</strong></span> <span class='ocrx_word' id='word_1_47' title='bbox 586 1312 700 1372; x_wconf 89' lang='lat' dir='ltr'><strong>autem</strong></span> <span class='ocrx_word' id='word_1_48' title='bbox 726 1301 761 1372; x_wconf 92' lang='lat' dir='ltr'><strong>in</strong></span> <span class='ocrx_word' id='word_1_49' title='bbox 787 1300 1052 1401; x_wconf 82' lang='lat' dir='ltr'><strong>semiparalysim</strong></span> <span class='ocrx_word' id='word_1_50' title='bbox 1077 1315 1140 1373; x_wconf 88' lang='lat' dir='ltr'><strong>sta-</strong></span> 
     </span>
     <span class='ocr_line' id='line_1_9' title="bbox 155 1413 1140 1518; baseline 0.005 -33"><span class='ocrx_word' id='word_1_51' title='bbox 155 1413 252 1487; x_wconf 84' lang='lat' dir='ltr'><strong>dium</strong></span> <span class='ocrx_word' id='word_1_52' title='bbox 277 1431 324 1488; x_wconf 80' lang='lat' dir='ltr'><strong>est</strong></span> <span class='ocrx_word' id='word_1_53' title='bbox 340 1431 544 1514; x_wconf 86' lang='lat' dir='ltr'><strong>postremum</strong></span> <span class='ocrx_word' id='word_1_54' title='bbox 560 1445 719 1497; x_wconf 81' lang='lat' dir='ltr'><strong>nervosae</strong></span> <span class='ocrx_word' id='word_1_55' title='bbox 734 1419 888 1494; x_wconf 86' lang='lat' dir='ltr'><strong>ischiadis</strong></span> <span class='ocrx_word' id='word_1_56' title='bbox 903 1422 1050 1518; x_wconf 79' lang='lat' dir='ltr'><strong>posticae</strong></span> <span class='ocrx_word' id='word_1_57' title='bbox 1070 1448 1081 1508; x_wconf 89' lang='lat'>;</span> <span class='ocrx_word' id='word_1_58' title='bbox 1098 1418 1140 1491; x_wconf 89' lang='lat' dir='ltr'><strong>de</strong></span> 
     </span>
     <span class='ocr_line' id='line_1_10' title="bbox 152 1540 1134 1643; baseline -0.002 -30"><span class='ocrx_word' id='word_1_59' title='bbox 152 1565 224 1638; x_wconf 86' lang='lat' dir='ltr'><strong>quo</strong></span> <span class='ocrx_word' id='word_1_60' title='bbox 249 1540 387 1630; x_wconf 8' lang='lat' dir='ltr'><strong>dicam»,</strong></span> <span class='ocrx_word' id='word_1_61' title='bbox 415 1569 496 1643; x_wconf 86' lang='lat' dir='ltr'><strong>quas</strong></span> <span class='ocrx_word' id='word_1_62' title='bbox 522 1541 664 1616; x_wconf 85' lang='lat' dir='ltr'><strong>habeam</strong></span> <span class='ocrx_word' id='word_1_63' title='bbox 676 1587 693 1633; x_wconf 63' lang='lat'><strong>2,</strong></span> <span class='ocrx_word' id='word_1_64' title='bbox 721 1541 986 1615; x_wconf 83' lang='lat' dir='ltr'><strong>ohservationes.</strong></span> <span class='ocrx_word' id='word_1_65' title='bbox 1017 1541 1134 1631; x_wconf 88' lang='lat' dir='ltr'><strong>Quan-</strong></span> 
     </span>
     <span class='ocr_line' id='line_1_11' title="bbox 154 1656 1134 1756; baseline -0.005 -23"><span class='ocrx_word' id='word_1_66' title='bbox 154 1656 207 1733; x_wconf 81' lang='lat' dir='ltr'><strong>do</strong></span> <span class='ocrx_word' id='word_1_67' title='bbox 225 1661 315 1731; x_wconf 90' lang='lat' dir='ltr'><strong>enim</strong></span> <span class='ocrx_word' id='word_1_68' title='bbox 340 1659 444 1732; x_wconf 73' lang='lat' dir='ltr'><strong>dolor</strong></span> <span class='ocrx_word' id='word_1_69' title='bbox 458 1659 652 1733; x_wconf 84' lang='lat' dir='ltr'><strong>ischiadicos</strong></span> <span class='ocrx_word' id='word_1_70' title='bbox 677 1686 745 1731; x_wconf 91' lang='lat' dir='ltr'><strong>una</strong></span> <span class='ocrx_word' id='word_1_71' title='bbox 770 1660 908 1756; x_wconf 70' lang='lat' dir='ltr'><strong>perstitit</strong></span> <span class='ocrx_word' id='word_1_72' title='bbox 928 1713 939 1751; x_wconf 85' lang='lat'>‚</span> <span class='ocrx_word' id='word_1_73' title='bbox 958 1658 1134 1755; x_wconf 65' lang='lat' dir='ltr'><strong>ivesicnntis</strong></span> 
     </span>
     <span class='ocr_line' id='line_1_12' title="bbox 157 1779 1132 1878; baseline -0.004 -26"><span class='ocrx_word' id='word_1_74' title='bbox 157 1803 257 1878; x_wconf 83' lang='lat' dir='ltr'><strong>opere</strong></span> <span class='ocrx_word' id='word_1_75' title='bbox 280 1793 452 1877; x_wconf 77' lang='lat' dir='ltr'><strong>percurato</strong></span> <span class='ocrx_word' id='word_1_76' title='bbox 476 1779 618 1873; x_wconf 85' lang='lat' dir='ltr'><strong>dolore,</strong></span> <span class='ocrx_word' id='word_1_77' title='bbox 647 1779 744 1851; x_wconf 89' lang='lat' dir='ltr'><strong>rediit</strong></span> <span class='ocrx_word' id='word_1_78' title='bbox 768 1779 856 1855; x_wconf 89' lang='lat' dir='ltr'><strong>cruri</strong></span> <span class='ocrx_word' id='word_1_79' title='bbox 894 1780 1031 1876; x_wconf 86' lang='lat' dir='ltr'><strong>pristina</strong></span> <span class='ocrx_word' id='word_1_80' title='bbox 1055 1779 1132 1852; x_wconf 90' lang='lat' dir='ltr'><strong>vis.</strong></span> 
     </span>
     <span class='ocr_line' id='line_1_13' title="bbox 152 1895 1137 1996; baseline -0.004 -27"><span class='ocrx_word' id='word_1_81' title='bbox 152 1897 192 1970; x_wconf 87' lang='lat' dir='ltr'><strong>si</strong></span> <span class='ocrx_word' id='word_1_82' title='bbox 217 1895 310 1970; x_wconf 88' lang='lat' dir='ltr'><strong>dolor</strong></span> <span class='ocrx_word' id='word_1_83' title='bbox 334 1897 506 1994; x_wconf 79' lang='lat' dir='ltr'><strong>paullatim</strong></span> <span class='ocrx_word' id='word_1_84' title='bbox 530 1901 694 1989; x_wconf 80' lang='lat' dir='ltr'><strong>evanuit,</strong></span> <span class='ocrx_word' id='word_1_85' title='bbox 722 1901 892 1996; x_wconf 86' lang='lat' dir='ltr'><strong>crurisque</strong></span> <span class='ocrx_word' id='word_1_86' title='bbox 929 1897 1077 1987; x_wconf 76' lang='lat' dir='ltr'><strong>macies,</strong></span> <span class='ocrx_word' id='word_1_87' title='bbox 1104 1908 1137 1966; x_wconf 88' lang='lat' dir='ltr'><strong>et</strong></span> 
     </span>
     <span class='ocr_line' id='line_1_14' title="bbox 154 2013 1135 2118; baseline -0.004 -30"><span class='ocrx_word' id='word_1_88' title='bbox 154 2030 268 2113; x_wconf 80' lang='lat' dir='ltr'><strong>torpor</strong></span> <span class='ocrx_word' id='word_1_89' title='bbox 292 2016 354 2088; x_wconf 83' lang='lat' dir='ltr'><strong>fuir</strong></span> <span class='ocrx_word' id='word_1_90' title='bbox 378 2015 521 2118; x_wconf 83' lang='lat' dir='ltr'><strong>reliquus</strong></span> <span class='ocrx_word' id='word_1_91' title='bbox 545 2073 556 2111; x_wconf 83' lang='lat'>,</span> <span class='ocrx_word' id='word_1_92' title='bbox 592 2044 751 2116; x_wconf 86' lang='lat' dir='ltr'><strong>magnum</strong></span> <span class='ocrx_word' id='word_1_93' title='bbox 775 2017 810 2088; x_wconf 92' lang='lat' dir='ltr'><strong>in</strong></span> <span class='ocrx_word' id='word_1_94' title='bbox 850 2013 1055 2104; x_wconf 80' lang='lat' dir='ltr'><strong>frictionibus</strong></span> <span class='ocrx_word' id='word_1_95' title='bbox 1085 2013 1135 2084; x_wconf 90' lang='lat' dir='ltr'><strong>in-</strong></span> 
     </span>
     <span class='ocr_line' id='line_1_15' title="bbox 151 2129 1135 2236; baseline -0.008 -27"><span class='ocrx_word' id='word_1_96' title='bbox 151 2137 230 2209; x_wconf 81' lang='lat' dir='ltr'><strong>veni</strong></span> <span class='ocrx_word' id='word_1_97' title='bbox 253 2135 481 2232; x_wconf 78' lang='lat' dir='ltr'><strong>praesidium.</strong></span> <span class='ocrx_word' id='word_1_98' title='bbox 509 2136 655 2236; x_wconf 81' lang='lat' dir='ltr'><strong>Itaque,</strong></span> <span class='ocrx_word' id='word_1_99' title='bbox 690 2133 849 2225; x_wconf 52' lang='lat' dir='ltr'><strong>,manibus</strong></span> <span class='ocrx_word' id='word_1_100' title='bbox 885 2131 977 2205; x_wconf 89' lang='lat' dir='ltr'><strong>lineis</strong></span> <span class='ocrx_word' id='word_1_101' title='bbox 1015 2129 1135 2228; x_wconf 87' lang='lat' dir='ltr'><strong>asperis</strong></span> 
     </span>
     <span class='ocr_line' id='line_1_16' title="bbox 153 2255 1134 2354; baseline -0.005 -25"><span class='ocrx_word' id='word_1_102' title='bbox 153 2259 269 2354; x_wconf 82' lang='lat' dir='ltr'><strong>pannis</strong></span> <span class='ocrx_word' id='word_1_103' title='bbox 295 2257 487 2349; x_wconf 71' lang='lat' dir='ltr'><strong>obuolutis,</strong></span> <span class='ocrx_word' id='word_1_104' title='bbox 514 2259 647 2330; x_wconf 74' lang='lat' dir='ltr'><strong>semoris</strong></span> <span class='ocrx_word' id='word_1_105' title='bbox 663 2256 856 2330; x_wconf 84' lang='lat' dir='ltr'><strong>exteriorem</strong></span> <span class='ocrx_word' id='word_1_106' title='bbox 878 2255 1134 2352; x_wconf 82' lang='lat' dir='ltr'><strong>‚posteriorem-</strong></span> 
     </span>
     <span class='ocr_line' id='line_1_17' title="bbox 147 2375 1130 2477; baseline -0.006 -26"><span class='ocrx_word' id='word_1_107' title='bbox 147 2403 218 2477; x_wconf 85' lang='lat' dir='ltr'><strong>que</strong></span> <span class='ocrx_word' id='word_1_108' title='bbox 242 2377 355 2451; x_wconf 80' lang='lat' dir='ltr'><strong>sedem</strong></span> <span class='ocrx_word' id='word_1_109' title='bbox 375 2433 385 2468; x_wconf 86' lang='lat'><strong>‚</strong></span> <span class='ocrx_word' id='word_1_110' title='bbox 404 2376 479 2457; x_wconf 57' lang='lat' dir='ltr'><strong>asub</strong></span> <span class='ocrx_word' id='word_1_111' title='bbox 504 2406 570 2476; x_wconf 84' lang='lat' dir='ltr'><strong>qua</strong></span> <span class='ocrx_word' id='word_1_112' title='bbox 595 2404 717 2459; x_wconf 86' lang='lat' dir='ltr'><strong>nervus</strong></span> <span class='ocrx_word' id='word_1_113' title='bbox 749 2376 944 2449; x_wconf 78' lang='lat' dir='ltr'><strong>ischiadicos</strong></span> <span class='ocrx_word' id='word_1_114' title='bbox 969 2375 1130 2464; x_wconf 76' lang='lat' dir='ltr'><strong>decurrit,</strong></span> 
     </span>
     <span class='ocr_line' id='line_1_18' title="bbox 152 2495 1131 2598; baseline -0.006 -28"><span class='ocrx_word' id='word_1_115' title='bbox 152 2497 336 2587; x_wconf 68' lang='lat' dir='ltr'><strong>meandum</strong></span> <span class='ocrx_word' id='word_1_116' title='bbox 377 2497 615 2595; x_wconf 75' lang='lat' dir='ltr'><strong>longitudinem</strong></span> <span class='ocrx_word' id='word_1_117' title='bbox 652 2499 801 2598; x_wconf 86' lang='lat' dir='ltr'><strong>quotidie</strong></span> <span class='ocrx_word' id='word_1_118' title='bbox 830 2523 927 2571; x_wconf 84' lang='lat' dir='ltr'><strong>mane</strong></span> <span class='ocrx_word' id='word_1_119' title='bbox 961 2495 1131 2570; x_wconf 84' lang='lat' dir='ltr'><strong>confricari</strong></span> 
     </span>
     <span class='ocr_line' id='line_1_19' title="bbox 150 2615 1132 2714; baseline -0.002 -25"><span class='ocrx_word' id='word_1_120' title='bbox 150 2619 334 2712; x_wconf 76' lang='lat' dir='ltr'><strong>jussimus:</strong></span> <span class='ocrx_word' id='word_1_121' title='bbox 368 2630 441 2714; x_wconf 89' lang='lat' dir='ltr'><strong>post</strong></span> <span class='ocrx_word' id='word_1_122' title='bbox 466 2617 655 2690; x_wconf 81' lang='lat' dir='ltr'><strong>frictionem</strong></span> <span class='ocrx_word' id='word_1_123' title='bbox 678 2619 802 2705; x_wconf 82' lang='lat' dir='ltr'><strong>scutica</strong></span> <span class='ocrx_word' id='word_1_124' title='bbox 827 2617 972 2689; x_wconf 84' lang='lat' dir='ltr'><strong>coriaeea</strong></span> <span class='ocrx_word' id='word_1_125' title='bbox 987 2615 1132 2711; x_wconf 87' lang='lat' dir='ltr'><strong>plantam</strong></span> 
     </span>
     <span class='ocr_line' id='line_1_20' title="bbox 151 2734 1126 2837; baseline -0.009 -26"><span class='ocrx_word' id='word_1_126' title='bbox 151 2737 303 2835; x_wconf 80' lang='lat' dir='ltr'><strong>suhjacu</strong></span> <span class='ocrx_word' id='word_1_127' title='bbox 315 2738 409 2834; x_wconf 88' lang='lat' dir='ltr'><strong>pedis</strong></span> <span class='ocrx_word' id='word_1_128' title='bbox 432 2735 556 2837; x_wconf 84' lang='lat' dir='ltr'><strong>aliquot</strong></span> <span class='ocrx_word' id='word_1_129' title='bbox 579 2738 668 2811; x_wconf 86' lang='lat' dir='ltr'><strong>vices</strong></span> <span class='ocrx_word' id='word_1_130' title='bbox 682 2739 843 2827; x_wconf 76' lang='lat' dir='ltr'><strong>continuo</strong></span> <span class='ocrx_word' id='word_1_131' title='bbox 866 2734 968 2808; x_wconf 88' lang='lat' dir='ltr'><strong>dolari</strong></span> <span class='ocrx_word' id='word_1_132' title='bbox 988 2761 997 2808; x_wconf 73' lang='grc' dir='ltr'><strong>ε</strong></span> <span class='ocrx_word' id='word_1_133' title='bbox 1027 2734 1126 2832; x_wconf 88' lang='lat' dir='ltr'><strong>idque</strong></span> 
     </span>
     <span class='ocr_line' id='line_1_21' title="bbox 147 2850 1123 2954; baseline -0.012 -20"><span class='ocrx_word' id='word_1_134' title='bbox 147 2857 278 2934; x_wconf 83' lang='lat' dir='ltr'><strong>tamdiu</strong></span> <span class='ocrx_word' id='word_1_135' title='bbox 300 2856 436 2954; x_wconf 82' lang='lat' dir='ltr'><strong>peragi,</strong></span> <span class='ocrx_word' id='word_1_136' title='bbox 465 2856 571 2930; x_wconf 89' lang='lat' dir='ltr'><strong>donec</strong></span> <span class='ocrx_word' id='word_1_137' title='bbox 595 2859 720 2929; x_wconf 86' lang='lat' dir='ltr'><strong>resumi</strong></span> <span class='ocrx_word' id='word_1_138' title='bbox 744 2882 818 2952; x_wconf 71' lang='lat' dir='ltr'><strong>prais</strong></span> <span class='ocrx_word' id='word_1_139' title='bbox 833 2855 997 2930; x_wconf 84' lang='lat' dir='ltr'><strong>videretur</strong></span> <span class='ocrx_word' id='word_1_140' title='bbox 1013 2905 1022 2922; x_wconf 85' lang='grc'><strong>.</strong></span> <span class='ocrx_word' id='word_1_141' title='bbox 1038 2850 1123 2922; x_wconf 91' lang='lat' dir='ltr'><strong>Pro—</strong></span> 
     </span>
     <span class='ocr_line' id='line_1_22' title="bbox 147 2972 1127 3073; baseline -0.006 -22"><span class='ocrx_word' id='word_1_142' title='bbox 147 2979 209 3055; x_wconf 84' lang='lat' dir='ltr'><strong>fair</strong></span> <span class='ocrx_word' id='word_1_143' title='bbox 234 2991 344 3055; x_wconf 81' lang='lat' dir='ltr'><strong>autern</strong></span> <span class='ocrx_word' id='word_1_144' title='bbox 372 2977 433 3059; x_wconf 75' lang='lat' dir='ltr'><strong>lais</strong></span> <span class='ocrx_word' id='word_1_145' title='bbox 449 2978 552 3073; x_wconf 81' lang='lat' dir='ltr'><strong>aegris</strong></span> <span class='ocrx_word' id='word_1_146' title='bbox 577 2975 675 3049; x_wconf 91' lang='lat' dir='ltr'><strong>simul</strong></span> <span class='ocrx_word' id='word_1_147' title='bbox 696 3002 842 3073; x_wconf 67' lang='lat' dir='ltr'><strong>,vespere</strong></span> <span class='ocrx_word' id='word_1_148' title='bbox 866 2975 991 3072; x_wconf 80' lang='lat' dir='ltr'><strong>guajaci</strong></span> <span class='ocrx_word' id='word_1_149' title='bbox 1030 2972 1127 3045; x_wconf 92' lang='lat' dir='ltr'><strong>deco·</strong></span> 
     </span>
    </p>

    <p class='ocr_par' dir='ltr' id='par_1_4' title="bbox 129 3093 1212 4032">
     <span class='ocr_line' id='line_1_23' title="bbox 129 3093 1127 3196; baseline -0.006 -25"><span class='ocrx_word' id='word_1_150' title='bbox 129 3113 240 3173; x_wconf 83' lang='lat' dir='ltr'><strong>-etum</strong></span> <span class='ocrx_word' id='word_1_151' title='bbox 265 3099 451 3194; x_wconf 81' lang='lat' dir='ltr'><strong>propinasse</strong></span> <span class='ocrx_word' id='word_1_152' title='bbox 470 3123 575 3196; x_wconf 60' lang='lat' dir='ltr'><strong>equo</strong></span> <span class='ocrx_word' id='word_1_153' title='bbox 611 3096 680 3170; x_wconf 79' lang='lat' dir='ltr'><strong>ridi</strong></span> <span class='ocrx_word' id='word_1_154' title='bbox 706 3119 773 3168; x_wconf 89' lang='lat' dir='ltr'><strong>non</strong></span> <span class='ocrx_word' id='word_1_155' title='bbox 815 3093 951 3194; x_wconf 89' lang='lat' dir='ltr'><strong>quidem</strong></span> <span class='ocrx_word' id='word_1_156' title='bbox 984 3093 1127 3165; x_wconf 87' lang='lat' dir='ltr'><strong>maciem</strong></span> 
     </span>
     <span class='ocr_line' id='line_1_24' title="bbox 144 3206 1124 3320; baseline -0.005 -31"><span class='ocrx_word' id='word_1_157' title='bbox 144 3217 289 3294; x_wconf 83' lang='lat' dir='ltr'><strong>ournino,</strong></span> <span class='ocrx_word' id='word_1_158' title='bbox 306 3215 449 3300; x_wconf 83' lang='lat' dir='ltr'><strong>ablatam</strong></span> <span class='ocrx_word' id='word_1_159' title='bbox 471 3271 481 3308; x_wconf 79' lang='lat'>‚</span> <span class='ocrx_word' id='word_1_160' title='bbox 503 3206 593 3316; x_wconf 53' lang='lat' dir='ltr'><strong>&#39;quae</strong></span> <span class='ocrx_word' id='word_1_161' title='bbox 616 3214 813 3316; x_wconf 84' lang='lat' dir='ltr'><strong>plerumque</strong></span> <span class='ocrx_word' id='word_1_162' title='bbox 849 3214 911 3292; x_wconf 80' lang='lat' dir='ltr'><strong>luit</strong></span> <span class='ocrx_word' id='word_1_163' title='bbox 936 3212 1124 3320; x_wconf 76' lang='lat' dir='ltr'><strong>pertinacis·</strong></span> 
     </span>
     <span class='ocr_line' id='line_1_25' title="bbox 143 3335 1126 3433; baseline 0.005 -30"><span class='ocrx_word' id='word_1_164' title='bbox 143 3335 261 3426; x_wconf 80' lang='lat' dir='ltr'><strong>sima„</strong></span> <span class='ocrx_word' id='word_1_165' title='bbox 287 3335 343 3409; x_wconf 79' lang='lat' dir='ltr'><strong>sad</strong></span> <span class='ocrx_word' id='word_1_166' title='bbox 368 3335 526 3421; x_wconf 79' lang='lat' dir='ltr'><strong>nonnihil.</strong></span> <span class='ocrx_word' id='word_1_167' title='bbox 541 3337 661 3411; x_wconf 82' lang='lat' dir='ltr'><strong>virium</strong></span> <span class='ocrx_word' id='word_1_168' title='bbox 686 3335 857 3433; x_wconf 69' lang='lat' dir='ltr'><strong>paullatim</strong></span> <span class='ocrx_word' id='word_1_169' title='bbox 872 3336 977 3409; x_wconf 84' lang='lat' dir='ltr'><strong>cruris</strong></span> <span class='ocrx_word' id='word_1_170' title='bbox 990 3361 1126 3417; x_wconf 83' lang='lat' dir='ltr'><strong>muscu·</strong></span> 
     </span>
     <span class='ocr_line' id='line_1_26' title="bbox 144 3435 1212 3554; baseline 0.001 -27"><span class='ocrx_word' id='word_1_171' title='bbox 144 3451 435 3545; x_wconf 70' lang='lat' dir='ltr'><strong>toansumsisse„</strong></span> <span class='ocrx_word' id='word_1_172' title='bbox 463 3458 507 3537; x_wconf 86' lang='lat' dir='ltr'><strong>ita</strong></span> <span class='ocrx_word' id='word_1_173' title='bbox 532 3469 569 3530; x_wconf 90' lang='lat' dir='ltr'><strong>ut</strong></span> <span class='ocrx_word' id='word_1_174' title='bbox 594 3457 681 3554; x_wconf 87' lang='lat' dir='ltr'><strong>aegri</strong></span> <span class='ocrx_word' id='word_1_175' title='bbox 704 3458 783 3529; x_wconf 87' lang='lat' dir='ltr'><strong>satis</strong></span> <span class='ocrx_word' id='word_1_176' title='bbox 806 3456 966 3529; x_wconf 87' lang='lat' dir='ltr'><strong>sustinere</strong></span> <span class='ocrx_word' id='word_1_177' title='bbox 1005 3435 1124 3552; x_wconf 83' lang='lat' dir='ltr'><strong>sepo-</strong></span> <span class='ocrx_word' id='word_1_178' title='bbox 1209 3461 1212 3464; x_wconf 77' lang='grc'>’</span> 
     </span>
     <span class='ocr_line' id='line_1_27' title="bbox 145 3571 1122 3681; baseline 0.003 -39"><span class='ocrx_word' id='word_1_179' title='bbox 145 3573 293 3649; x_wconf 86' lang='lat' dir='ltr'><strong>tuerint.</strong></span> <span class='ocrx_word' id='word_1_180' title='bbox 323 3571 449 3656; x_wconf 80' lang='lat' dir='ltr'><strong>Multos</strong></span> <span class='ocrx_word' id='word_1_181' title='bbox 475 3588 620 3648; x_wconf 83' lang='lat' dir='ltr'><strong>attamen</strong></span> <span class='ocrx_word' id='word_1_182' title='bbox 656 3577 741 3672; x_wconf 83' lang='lat' dir='ltr'><strong>jurit</strong></span> <span class='ocrx_word' id='word_1_183' title='bbox 777 3575 946 3649; x_wconf 86' lang='lat' dir='ltr'><strong>immersio</strong></span> <span class='ocrx_word' id='word_1_184' title='bbox 963 3668 966 3681; x_wconf 41' lang='grc' dir='ltr'>Ι</span> <span class='ocrx_word' id='word_1_185' title='bbox 985 3576 1020 3647; x_wconf 93' lang='lat' dir='ltr'><strong>in</strong></span> <span class='ocrx_word' id='word_1_186' title='bbox 1050 3573 1122 3647; x_wconf 86' lang='lat' dir='ltr'><strong>bal-</strong></span> 
     </span>
     <span class='ocr_line' id='line_1_28' title="bbox 132 3691 1113 3792; baseline -0.003 -25"><span class='ocrx_word' id='word_1_187' title='bbox 132 3717 243 3767; x_wconf 77' lang='lat' dir='ltr'><strong>-neum</strong></span> <span class='ocrx_word' id='word_1_188' title='bbox 268 3716 375 3788; x_wconf 82' lang='lat' dir='ltr'><strong>aquae</strong></span> <span class='ocrx_word' id='word_1_189' title='bbox 400 3692 561 3788; x_wconf 81' lang='lat' dir='ltr'><strong>frigidae,</strong></span> <span class='ocrx_word' id='word_1_190' title='bbox 589 3693 657 3767; x_wconf 84' lang='lat' dir='ltr'><strong>sive</strong></span> <span class='ocrx_word' id='word_1_191' title='bbox 683 3691 814 3789; x_wconf 82' lang='lat' dir='ltr'><strong>duleis,</strong></span> <span class='ocrx_word' id='word_1_192' title='bbox 841 3696 910 3792; x_wconf 73' lang='lat' dir='ltr'><strong>sive</strong></span> <span class='ocrx_word' id='word_1_193' title='bbox 936 3696 1113 3784; x_wconf 84' lang='lat' dir='ltr'><strong>marinae,</strong></span> 
     </span>
     <span class='ocr_line' id='line_1_29' title="bbox 139 3789 1115 3912; baseline 0.003 -31"><span class='ocrx_word' id='word_1_194' title='bbox 139 3807 276 3908; x_wconf 67' lang='lat' dir='ltr'><strong>breuis,</strong></span> <span class='ocrx_word' id='word_1_195' title='bbox 294 3823 327 3882; x_wconf 90' lang='lat' dir='ltr'><strong>et</strong></span> <span class='ocrx_word' id='word_1_196' title='bbox 346 3809 482 3908; x_wconf 74' lang='lat' dir='ltr'><strong>singulis</strong></span> <span class='ocrx_word' id='word_1_197' title='bbox 497 3808 625 3885; x_wconf 79' lang='lat' dir='ltr'><strong>ricibm</strong></span> <span class='ocrx_word' id='word_1_198' title='bbox 648 3789 936 3912; x_wconf 78' lang='lat' dir='ltr'><strong>altemocorporia</strong></span> <span class='ocrx_word' id='word_1_199' title='bbox 953 3813 1115 3911; x_wconf 84' lang='lat' dir='ltr'><strong>ingressu,</strong></span> 
     </span>
     <span class='ocr_line' id='line_1_30' title="bbox 144 3929 1120 4032; baseline 0.007 -33"><span class='ocrx_word' id='word_1_200' title='bbox 144 3951 344 4028; x_wconf 77' lang='lat' dir='ltr'><strong>egressaque</strong></span> <span class='ocrx_word' id='word_1_201' title='bbox 378 3929 538 4028; x_wconf 68' lang='lat' dir='ltr'><strong>rqietitat</strong></span> <span class='ocrx_word' id='word_1_202' title='bbox 564 3954 632 4029; x_wconf 84' lang='lat' dir='ltr'><strong>quo</strong></span> <span class='ocrx_word' id='word_1_203' title='bbox 671 3930 801 4027; x_wconf 84' lang='lat' dir='ltr'><strong>nullum</strong></span> <span class='ocrx_word' id='word_1_204' title='bbox 833 3934 1045 4032; x_wconf 66' lang='lat' dir='ltr'><strong>praestantius</strong></span> <span class='ocrx_word' id='word_1_205' title='bbox 1076 3934 1120 4006; x_wconf 83' lang='lat' dir='ltr'><strong>ad</strong></span> 
     </span>
    </p>
   </div>
   <div class='ocr_carea' id='block_1_3' title="bbox 0 0 1276 4710">
    <p class='ocr_par' dir='ltr' id='par_1_5' title="bbox 0 0 1276 4710">
     <span class='ocr_line' id='line_1_31' title="bbox 0 0 1276 4710; baseline 0 0"><span class='ocrx_word' id='word_1_206' title='bbox 0 0 1276 4710; x_wconf 95' lang='lat' dir='ltr'><strong> </strong></span> 
     </span>
    </p>
   </div>
  </div>
 </body>
</html>
