2544 4710
575 380 738 484 (¹²²)

158 557 217 607 mo
239 530 377 619 demum
401 531 455 606 die
479 535 512 610 in
537 535 707 610 vesicantis
743 530 852 610 aloem
878 533 975 610 dolor
1007 538 1136 612 ¹consti·

159 652 228 748 tit,
255 653 379 728 femore
402 654 531 754 penitus
554 653 721 733 liberato.
750 657 815 730 Hic
832 655 1008 732 descensus
1042 656 1135 733 dolo·

159 772 204 846 ris
227 772 310 846 mihi
335 788 445 873 aperte
468 774 614 876 probare
637 776 815 853 videbatur
853 776 1040 878 hydropem
1073 802 1137 854 va-

159 893 313 991 ginarum
336 893 502 971 ischiadici
528 888 622 973 nervi
647 901 768 974 sensim
793 925 852 997 per
866 897 962 973 ulem
985 897 1134 975 vesican·

158 1025 192 1087 te
217 1014 341 1090 fictum
363 1015 519 1118 depleri,
546 1017 593 1092 sic
616 1032 654 1092 ut
677 1045 744 1120 qua
760 1018 888 1093 ratione
911 1019 948 1092 in
976 1018 1072 1092 ulcus
1087 1020 1138 1118 ip-

159 1160 236 1210 sum
258 1137 341 1210 acris
365 1139 502 1213 materia
526 1139 667 1238 desuper
691 1138 934 1233 descenderet,
962 1139 1133 1240 paullatim

95 1254 100 1264 ’
153 1256 323 1328 immunes
347 1281 503 1356 supernas
528 1259 621 1332 nervi
644 1273 752 1357 partes
776 1257 821 1331 ab
835 1257 1015 1333 irritatione
1039 1257 1139 1332 relin-

158 1388 299 1474 queret;
327 1376 432 1451 donoc
451 1432 460 1470 ,
480 1403 527 1450 ea
550 1379 679 1475 penitus
703 1377 851 1471 educta,
878 1375 975 1453 dolor·
1004 1400 1144 1475 prorsus,

159 1508 393 1570 evanesceret.
421 1495 520 1569 Nono
544 1508 657 1569 autem
681 1494 794 1570 dicet
818 1495 911 1596 quia
943 1492 1152 1572 fibula-erat

160 1611 203 1684 ad
227 1613 365 1689 dorsum
387 1613 480 1713 pedis
503 1614 602 1688 dolor
625 1616 695 1689 fere
720 1627 927 1707 evanuerat,
954 1640 1023 1717 quo
1054 1627 1143 1709 teme

157 1760 241 1833 pore
264 1760 322 1834 per
346 1761 381 1807 se
418 1735 512 1809 ulcus
535 1734 710 1810 solidatum
750 1749 829 1812 est.
857 1734 965 1837 quue
995 1735 1076 1809 fecit
1100 1746 1139 1812 ut

159 1871 382 1955 putaremus,
409 1857 545 1930 fortasse
568 1856 614 1930 ob
645 1858 746 1934 situm
770 1859 875 1931 cruris
895 1855 1059 1929 horizonti
1081 1883 1140 1954 par

158 1973 333 2070 rallelum,
363 2000 467 2077 aeque
491 1976 534 2048 ad
559 1975 651 2050 ulcus
667 1977 871 2050 descendisse
887 1975 1065 2050 humorem
1080 2003 1136 2050 oce

158 2110 334 2192 cupantem
357 2097 450 2172 nervi
474 2097 605 2195 vaginas
631 2125 708 2172 cum
733 2124 753 2170 a
776 2123 857 2171 coxa
875 2091 924 2170 ‘ad
961 2097 1101 2171 fibulam
1121 2134 1134 2191 ·,

139 2228 232 2287 stum
256 2243 276 2289 a
299 2214 401 2311 fibula
426 2217 469 2290 ad
491 2217 642 2316 pedem,
675 2244 819 2319 unaque·
843 2218 896 2292 via
919 2217 1021 2290 fuisse
1063 2245 1138 2291 eva·

139 2373 145 2380 ·
161 2347 316 2409 enatum.
344 2335 401 2407 Ab
426 2361 466 2408 eo
492 2349 639 2434 tempore
654 2351 841 2410 constanter
856 2337 1015 2412 immunis
1030 2364 1051 2410 a
1065 2338 1135 2438 prin

160 2455 245 2527 stiuo
269 2453 421 2528 isclriadis
445 2454 565 2530 dolore
589 2481 684 2554 aeger
707 2455 799 2528 fuit.

184 2648 186 2665 ξ
260 2575 361 2649 Llll.
389 2576 469 2649 Post
493 2576 557 2650 hoc
582 2577 844 2676 experimentum
869 2583 951 2677 q'uot
966 2578 1036 2675 pari
1050 2603 1138 2652 sem,

159 2721 220 2794 per
244 2709 365 2772 eventu
387 2723 448 2798 per
473 2697 534 2772 lros
573 2712 714 2799 quatuor
746 2724 848 2770 annos
880 2698 1078 2772 instituerim
1101 2701 1137 2772 iu

117 2882 119 2886 Α
161 2816 361 2890 Nosocomio
380 2873 390 2913 ,
417 2807 579 2892 auditores
597 2817 698 2892 nostri
712 2815 876 2917 praeclare
901 2815 1139 2890 meminerint:

162 2965 223 3038 ego
249 2952 337 3052 ¹certe
360 2954 536 3034 metuam,
563 2941 592 3013 si
616 2939 775 3032 adiuero,
803 2939 972 3035 jactantiae
1005 2939 1144 3014 insimu-

66 3116 68 3118 ψ
161 3059 249 3132 lari.
278 3058 531 3135 Observationes
555 3074 665 3134 tamen
686 3057 844 3159 aliquot,
872 3070 920 3129 tot
962 3055 1006 3128 ab
1030 3083 1143 3131 exem

160 3177 223 3277 plis
247 3193 379 3273 erutas,
408 3206 474 3252 nou
500 3205 632 3277 possum
648 3175 824 3275 praeterire
844 3232 852 3253 .
874 3176 919 3250 Et
936 3179 1047 3275 primo
1065 3180 1139 3278 qula

164 3299 240 3373 dem
265 3325 360 3399 saepe
384 3299 452 3372 vidi
469 3296 680 3372 serumillud
693 3301 727 3371 iu
739 3299 871 3390 vesica,
897 3325 1000 3397 quam
1017 3297 1140 3396 empla-

162 3432 267 3493 strum
291 3420 472 3513 excitavit,
500 3418 748 3513 coadunatum,
774 3444 849 3492 actu
882 3418 964 3494 adeo
1002 3421 1145 3493 exstitis.

163 3565 199 3613 se
218 3595 228 3634 ,
256 3553 291 3613 ut
317 3538 553 3618 intolerabilem
576 3565 674 3638 aegro
688 3538 813 3615 ardoris
831 3565 962 3614 sensum
979 3539 1140 3634 inferret,

164 3658 362 3760 quandoque
385 3660 486 3733 etiam
511 3659 654 3732 vesicam
669 3660 772 3758 ipsam
786 3658 1014 3759 praeroderet,
1034 3684 1138 3740 emer-

164 3793 347 3880 gerctque.
375 3779 455 3852 Vidi
479 3776 716 3852 adolescentem
742 3804 799 3852 sex
824 3791 857 3850 et
894 3778 1008 3874 viginti
1035 3804 1141 3850 auno«,

165 3927 270 4002 tum,
311 3900 393 3980 duos
426 3905 492 4004 jam
533 3925 660 3978 menses
692 3898 756 3982 hac
788 3900 929 3980 ischiada
961 3900 1138 3984 crudeliter
