2544 4710
591 372 783 496 (285¹)-

174 564 386 646 ,matnrae,
414 565 450 626 et
470 563 561 652 pore
587 567 796 650 turgemes,
829 573 924 652 qaae
963 556 1073 626 etiam
1082 551 1166 649 fla·

168 700 250 749 -uae
272 672 463 776 eujusdam
487 696 608 773 aquae
633 672 812 746 tantillum
829 675 867 744 in
891 660 1082 744 cavitatem
1102 697 1164 770 po-

182 800 291 870 ctorts
313 793 546 898 effinderant.
575 792 688 886 Lien,
715 818 790 883 non
814 797 929 866 minus
954 817 1064 894 quam
1086 794 1165 894 pul·

181 943 242 989 mo
265 916 442 1020 infectus,
464 923 632 1017 apparuit
657 915 811 990 tumidus
833 963 844 1007 ‚
864 927 900 987 et
917 913 1058 989 daras.
1088 914 1163 991 Dej-
1243 913 1249 925 ⁸

167 1060 278 1107 vanna
294 1037 462 1135 intestina
476 1035 660 1137 hincinde
676 1034 924 1109 tantummodo
936 1033 1163 1133 apparebant

178 1152 400 1227 variatarum
436 1158 542 1254 pransi
565 1157 711 1253 gemmis
735 1153 933 1247 adunata,
960 1151 1163 1253 seddepar

178 1277 352 1347 intactum
372 1327 384 1363 ‚
403 1288 440 1347 et
454 1299 590 1352 sanum.
596 1279 804 1372 perstiterat
828 1271 884 1375 (q)
905 1329 914 1346 .
933 1273 1030 1365 Quae
1054 1298 1107 1346 res
1131 1261 1158 1354 si

178 1419 253 1467 vere
274 1449 284 1487 ,
312 1407 350 1467 ut
373 1392 436 1466 sibi
453 1394 570 1469 vidisse
587 1394 824 1469 Kennoruerus
840 1392 1013 1470 videbatur
1037 1394 1161 1499 extitisg

175 1527 269 1606 sent,
288 1517 472 1612 potuissent
487 1530 575 1590 certe
592 1502 786 1614 argumento
805 1541 873 1588 esse
891 1528 1097 1611 portentosae
1114 1514 1161 1593 illi

173 1635 258 1733 parti
284 1633 450 1708 doctrinae
486 1636 684 1727 Fenunuu,
711 1659 801 1741 quae
811 1631 1007 1706 variolarum
1017 1631 1158 1732 primam

173 1750 333 1848 originem
370 1750 450 1845 locis
474 1749 683 1842 interioribus
715 1753 885 1849 assignat,
913 1751 1063 1826 idtimam
1089 1754 1159 1840 cuti

174 1870 314 1971 (ux1);
342 1898 421 1945 nam
445 1870 537 1946 aliter
561 1870 696 1971 intelligi
715 1899 779 1946 nou
796 1856 905 1970 posset
918 1875 977 1974 qui
1002 1873 1154 1968 variatae,

171 2016 256 2090 quae
281 1989 316 2060 in
338 2003 414 2063 cute
438 1989 576 2075 vixdum
594 2004 785 2090 apparentes
800 2004 1073 2087 retrocesserant',
1090 1993 1156 2077 ho-
1216 2025 1222 2032 ·

174 2110 365 2210 minemque
390 2111 607 2205 occiderant,
635 2112 704 2187 ictu
726 2111 813 2186 oculi
837 2113 1034 2188 intrinsecus
1057 2116 1154 2191 oocn

168 2256 248 2328 pare
273 2229 495 2329 pulmonem,
522 2245 556 2304 et
581 2231 699 2306 lienem
722 2233 922 2331 potuerint,
926 2248 972 2307 et
989 2234 1031 2307 ad
1056 2241 1152 2335 vigo.-

128 2441 138 2453 ‚
169 2379 245 2426 rem
269 2357 516 2484 maturitate,
541 2357 711 2456 purr'sqne
753 2361 1028 2454 turgescentiam
1064 2354 1151 2430 illico

166 2470 365 2566 pervenire:
391 2498 532 2570 quarum
555 2471 678 2574 aliquot
709 2472 822 2547 saltem
862 2487 991 2572 oportet
1026 2491 1151 2574 apertas

164 2595 293 2683 etiam,
320 2605 354 2664 et
377 2606 489 2692 ruptas
516 2593 638 2682 fuisse,
664 2622 732 2694 quo
749 2621 885 2698 aquam
901 2594 988 2673 illam
999 2597 1150 2694 flavam

161 2711 407 2786 effunderent
396 2742 432 2802 m
468 2728 598 2812 pectore
620 2729 823 2812 repertam3
852 2716 911 2788 etsi
948 2702 1064 2791 nescio
1091 2719 1149 2819 qui

164 2831 281 2932 plenae
304 2835 395 2933 puris
418 2835 567 2935 pustulae
590 2838 757 2936 potuerint
771 2841 935 2937 apertione
952 2838 1073 2942 aquarn
1087 2869 1160 2940 po-

123 2955 136 2976 ·
167 2953 262 3045 tius,
287 2981 387 3054 quam
412 2980 474 3052 pus
496 2954 662 3030 reddere.
691 2955 760 3031 Sed
784 2971 896 3032 tamen
910 2959 946 3031 in
962 2958 1025 3034 hac
1049 2961 1144 3039 Ken-

158 3095 298 3145 -nmnou
323 3070 578 3170 observatione,
605 3075 664 3147 etsi
689 3074 793 3149 multa
816 3077 880 3150 sint
899 3134 910 3171 ,
929 3104 1013 3180 quae
1035 3091 1144 3182 repre-
1206 3117 1209 3122 ¹

160 3187 316 3284 hendas,
343 3195 392 3265 uti
416 3219 483 3267 non
506 3209 722 3270 memoratam
764 3195 960 3272 creditarum
997 3201 1142 3298 pustula-

159 3330 238 3381 rum
261 3305 434 3411 diligenter
461 3311 651 3387 institutam·
664 3315 895 3413 apertionem,
922 3345 990 3419 quo
1015 3335 1142 3396 consta-

160 3441 212 3501 ret
235 3428 379 3527 pustulas
403 3432 510 3506 verius
535 3431 630 3508 fuisse
652 3435 743 3532 puris
766 3434 905 3534 plenas,
945 3465 1046 3539 quam
1065 3420 1140 3538 ,ἰιῐ

158 3549 208 3620 in
220 3548 467 3646 pulmonibus,
494 3553 639 3656 turgidas
662 3565 754 3630 aerea
779 3583 895 3657 spuma
909 3560 1031 3658 sedes,
1058 3591 1138 3666 qua·

159 3666 206 3741 les
223 3670 322 3744 etiam
339 3725 351 3765 ‚
369 3666 465 3744 nobis
478 3671 702 3769 praesentibus
719 3731 731 3771 ,
752 3675 913 3754 nonnullis
926 3704 1042 3779 parum
1059 3708 1136 3761 can·

536 3827 738 3858 Q*

160 3905 213 3996 (q)
238 3900 400 3997 spicilegii
421 3905 519 3986 Anat.
547 3904 628 3975 obs.
653 3931 748 3979 uir.
