2544 4710
564 378 596 478 (ψ
621 379 730 483 (ιι)

154 522 372 614 trutinatum.
402 536 540 640 Reliqua
564 538 715 613 intestina
740 530 885 636 faecibus
909 559 1013 608 vacua
1029 559 1135 638 pauco

130 673 236 734 aere
260 659 554 755 distendebantur,
592 656 784 750 albissima,
810 669 843 728 et
867 653 1031 754 pellucida
1067 663 1134 754 sic,

159 795 198 852 ut
219 805 323 880 'rugae
348 781 517 855 interiores
540 779 738 852 extrinsecus
763 775 1053 873 distinguerentur.
1080 778 1135 859 Je-

157 928 248 997 cur,
276 901 374 997 lien,
399 928 525 995 renes,
551 897 595 972 ab
620 899 711 972 omni
734 895 939 997 pustularum
967 901 1076 996 specie
1098 897 1132 973 ι·-

156 1022 260 1118 bera,
288 1024 343 1096 vix
369 1020 533 1101 tantulum
557 1017 647 1117 mole
671 1017 828 1092 excedere
853 1018 923 1097 visa
946 1033 1038 1091 suut.
1068 1017 1132 1094 Sed

158 1147 196 1216 iu
220 1143 534 1243 jecore‘substantia
559 1139 725 1214 flaccidior
747 1152 906 1213 consueto
933 1140 1132 1245 manifestius

158 1263 369 1365 apparebat.
398 1262 501 1355 Quod
516 1290 593 1336 cum
617 1259 763 1361 undique
789 1258 1048 1335 mundissimum
1072 1260 1131 1335 ob-

153 1383 364 1479 servassem,
391 1397 525 1484 propter
549 1385 656 1456 imum
681 1393 817 1456 acutum
853 1382 924 1478 ejus
949 1369 1129 1481 marginem

154 1502 261 1575 fundo
285 1502 446 1576 vesiculae
470 1501 553 1576 fellis
577 1503 799 1600 proximum,
840 1498 953 1574 videre
976 1501 1064 1576 mibi
1086 1515 1129 1602 ta-

153 1648 233 1695 men
274 1624 364 1696 visus
388 1619 465 1695 surn
507 1620 685 1693 minutulas
709 1613 931 1715 prominentes
970 1618 1147 1719 quasdam¹

152 1737 272 1827 molles
293 1738 478 1813 albissimus
499 1737 687 1838 hydatides,
715 1735 771 1807 vix
795 1746 949 1833 quartam
973 1736 1059 1809 milii
1081 1761 1126 1815 se·

150 1859 249 1930 minis
265 1874 396 1957 partem
420 1857 508 1932 mole
523 1868 724 1958 aequantes:
751 1875 836 1955 quae
860 1880 938 1927 cum
956 1852 1060 1930 veluti
1074 1875 1125 1928 na·

44 2006 45 2011 ¹
150 1993 278 2052 scentes
301 1978 506 2074 viderentur,
522 1977 664 2078 scalpelli
678 1982 750 2053 acie
775 1981 947 2074 diligenter
970 1989 1119 2075 punctae,

144 2098 276 2198 limpidi
301 2103 418 2203 aquosi
443 2101 595 2175 humoris
627 2102 684 2176 vix
708 2101 874 2176 visibilem
898 2098 1064 2200 guttulam
1088 2123 1119 2205 e·

148 2218 326 2314 mittendo,
352 2218 478 2320 reliqua
496 2246 581 2293 cum
604 2219 720 2319 jecoris
744 2221 915 2320 superficie
939 2218 1120 2322 aequaban-

146 2352 214 2411 tur.
244 2339 395 2436 Quattuor
420 2353 534 2432 certe,
561 2351 618 2411 aut
642 2341 813 2453 quinque,
832 2340 1033 2414 numeravi.
1061 2337 1116 2413 Ni-

147 2437 216 2530 tida
241 2471 310 2556 erat
342 2456 425 2531 fellis
449 2455 621 2550 vesicula,
662 2471 696 2530 et
718 2457 946 2558 amplissima,
983 2441 1112 2560 bileque

144 2579 348 2686 nigerrima,
375 2593 408 2650 et
433 2576 636 2651 filamentosa
660 2578 930 2652 distendebatur.
968 2580 1012 2652 In
1036 2579 1112 2653 liene

143 2699 276 2803 illarum
300 2701 399 2782 etiam
422 2697 654 2800 hydatidum,
686 2727 770 2800 quas
810 2703 845 2773 in
869 2702 981 2799 jecore
1018 2700 1110 2794 vidi,

139 2825 227 2920 etsi,
254 2819 406 2896 nonnulli
432 2846 466 2895 se
492 2821 603 2896 videre
627 2820 805 2919 negabant,
824 2823 900 2896 satis
915 2835 1039 2895 tamen
1062 2821 1109 2894 di·

137 2941 286 3012 stinxisse
311 2938 394 3011 mihi
418 2953 484 3012 tres
509 2941 599 3013 visus
620 2937 850 3030 sum‘,„mobs
874 2939 1054 3038 ejusdem,
1080 2949 1117 3041 ‘i'

134 3070 298 3146 naturae3
319 3083 403 3159 quae
427 3057 463 3129 iu
488 3057 651 3153 renibus,
678 3060 738 3131 etsi
762 3059 855 3132 omni
879 3040 1048 3158 diligentia
1062 3061 1109 3158 ιιι·ἱ

31 3161 32 3164 ¹
135 3176 353 3277 quisiverim,
379 3176 515 3251 omniuo
540 3203 608 3255 nou
631 3191 863 3277 apparuerunt.
892 3177 996 3252 Num
1019 3174 1107 3278 prae
1133 3270 1137 3279 1

136 3308 187 3365 ter
203 3290 434 3390 flacciditatem
458 3305 673 3372 communem
684 3299 848 3374 viscerum
862 3300 1024 3373 omniurn
1035 3297 1106 3395 clu·¹

146 3425 325 3507 meterem,
351 3419 386 3491 in
410 3420 656 3492 succenturiatis
680 3418 843 3513 renibus,
870 3422 930 3519 qui
956 3386 1106 3494 subflavo

143 3518 279 3602 humore
304 3469 450 3633 dandam
474 3551 567 3610 erant
592 3537 718 3632 referti,
733 3537 840 3610 nihil
838 3540 1019 3638 quicquam
1043 3533 1104 3611 cul·

141 3643 214 3738 Pari
236 3654 353 3740 putuit.
382 3649 527 3731 Uretbra
563 3657 605 3730 ad
630 3658 758 3735 vesicae
783 3660 946 3748 uriuariae
985 3683 1104 3734 cavum

141 3784 246 3864 nsque
270 3786 406 3866 aperta,
423 3795 489 3844 ne
511 3781 705 3856 minimam
712 3778 865 3901 quidem
862 3779 1021 3880 ⁵P⁰0¹0¹¹1
1039 3804 1100 3965 ξ’·

134 3881 243 4015 stulae
272 3892 424 3970 ostendit.
540 3933 552 3943 ⁸·
587 3949 590 3954 -
642 3917 654 3985 ἱ
