2544 4710
547 380 563 481 (
593 379 701 485 ¹2³„l

138 545 326 631 vexatum,
353 538 408 642 cui
431 547 525 637 mptn
550 563 608 637 per
631 564 667 611 se
698 549 746 611 est
770 540 912 613 maxime
937 541 1042 616 vesica
1067 540 1111 614 ed

137 650 260 728 fibulae
284 666 382 754 mpnt
398 655 561 755 emplastri
576 682 674 756 opem
688 657 825 732 excitat·
844 685 854 733 z
872 685 1004 755 serum,
1021 661 1114 763 qnod

137 775 299 869 emersit,
326 801 384 874 per
397 774 480 852 ¹crus
506 775 733 873 descendens,
760 806 846 882 quae
870 783 977 882 attigit
1009 784 1112 856 cruris

137 891 236 990 loce,
262 893 415 972 letissime
438 899 549 972 omnin
573 897 728 973 ustulavit
748 928 760 973 .·
786 900 887 992 Quod
910 916 1021 996 certe,
1049 903 1114 977 nisi

138 1012 261 1111 fallor,
287 1018 371 1090 acris
393 1015 510 1091 indolis
535 1019 689 1093 materiae
713 1017 860 1094 dolorem
893 1019 1107 1095 ischiadicum
1177 1021 1181 1030 '

138 1135 306 1212 inferentis
328 1163 397 1227 non
421 1136 493 1214 leve
515 1136 673 1214 indicium
698 1138 804 1242 (vn)
828 1154 876 1215 est
903 1194 913 1215 .
942 1139 1114 1243 Siquidem

138 1270 213 1333 utut
237 1256 301 1333 dici
326 1257 455 1358 possit,
498 1258 726 1335 cantharidum
751 1261 964 1334 ammoniam
1001 1286 1117 1334 recens

138 1404 212 1454 sero
236 1377 415 1451 immistum
439 1381 510 1478 ejus
533 1379 675 1479 potuisse
698 1381 767 1454 vim
790 1382 835 1455 ite
851 1406 992 1470 acuere;
1020 1379 1110 1455 haud

139 1510 252 1574 nmen
274 1497 416 1573 dubium
441 1515 520 1591 est,
547 1500 647 1599 ipsius
669 1503 731 1574 seri
765 1500 929 1576 ischiadici
959 1517 1110 1576 nutnmm

139 1620 335 1731 acerrimam
361 1644 455 1718 saepe
479 1645 572 1695 esse.
604 1620 682 1694 Vidi
698 1619 870 1696 midierem
882 1624 934 1697 cui
952 1621 1117 1724 quidquid

138 1741 203 1816 seri
229 1765 288 1838 per
311 1740 435 1838 primos
459 1738 528 1812 dies
551 1739 649 1814 ulcus·
673 1739 715 1813 ad
738 1756 836 1840 mpnt
869 1741 991 1816 fibulae
1027 1769 1120 1817 eme·

138 1859 257 1954 navit,
285 1859 320 1933 id
338 1915 348 1953 ‚
375 1859 435 1932 nisi
452 1874 520 1933 erte
535 1872 743 1935 coerceretur
760 1916 771 1955 ,
788 1875 952 1964 quantum
964 1888 1023 1962 per
1038 1889 1114 1937 crus

140 1981 386 2077 descendebat,
412 1982 480 2081 hue
501 1980 657 2058 ruborem
685 2036 696 2075 ,
723 1980 800 2056 illuc
838 1983 1002 2056 ustionem
1041 1983 1112 2057 effi-

141 2102 280 2196 ciebat.
305 2101 511 2178 Descensum
534 2117 645 2178 autem
669 2101 765 2181 illum
786 2102 921 2202 originis
961 2101 1110 2197 doloris,

139 2225 245 2324 magis
269 2228 439 2324 magisque
464 2225 499 2296 in
524 2223 619 2318 dies,
646 2249 757 2299 versus
787 2249 901 2323 genu,
928 2225 993 2297 rari
1018 2225 1111 2298 fuere

141 2370 263 2437 cesus,
288 2343 348 2444 qui
372 2342 608 2416 distinctissime
633 2366 699 2415 non
724 2340 932 2415 ostenderent
960 2367 970 2415 ε
999 2342 1054 2415 vix
1080 2364 1138 2416 n··

140 2491 228 2538 num
252 2477 285 2537 et
308 2462 445 2536 alterum
470 2462 502 2535 in
528 2475 578 2537 tot
601 2460 758 2562 exemplis
793 2463 961 2536 memini.
990 2463 1123 2538 Accidit

141 2583 244 2656 etism
268 2581 334 2677 i's,
360 2583 417 2682 qui
443 2606 578 2656 nervose
603 2580 744 2655 ischinde
783 2582 909 2680 postica
934 2581 1133 2656 diutissime

142 2699 396 2793 laboraverant,
429 2711 468 2773 nt
500 2700 669 2772 vesimntis
687 2725 800 2797 opem
833 2702 969 2774 excitum
1004 2703 1111 2776 vesica

143 2844 259 2894 serum
282 2816 480 2918 quandoque
505 2816 656 2890 funderet
683 2818 952 2912 tenacissimum,
979 2810 1110 2917 glutini·

94 2965 97 2973 ·
143 2962 210 3036 que
236 2961 323 3034 per3
349 2934 440 3036 quod
465 2960 575 3008 serum
598 2962 677 3008 cnm
702 2935 841 3029 evasit,
885 2935 978 3010 ¹vetus
1003 2935 1119 3009 ischias

145 3058 307 3155 evannit.
335 3055 432 3129 Adeo
460 3070 497 3127 ut
521 3055 572 3133 his
595 3057 631 3128 in
653 3057 759 3155 aegris
782 3056 810 3128 si
841 3056 937 3155 primi
972 3056 1119 3130 vesican·

145 3178 188 3251 tis
212 3201 312 3276 opere
336 3176 466 3249 emersit
490 3173 596 3248 lentus
620 3173 674 3246 ille
692 3230 703 3269 ,
720 3187 752 3247 et
768 3188 865 3247 tenax
880 3171 1024 3268 humor,
1051 3173 1120 3272 pri·

144 3323 242 3373 mum
266 3298 410 3372 remmus
434 3293 557 3393 depulit
581 3296 716 3368 omnino
740 3293 898 3368 morbum
923 3319 933 3367 ε
972 3294 1022 3368 sin
1056 3295 1119 3368 mi-

146 3445 237 3506 nus,
263 3418 364 3517 primi
386 3416 554 3490 vesimntis
578 3414 686 3489 ulcere
711 3413 877 3511 solidum,
903 3418 998 3488 toties
1022 3437 1119 3513 opor·

146 3540 212 3614 tuit
234 3539 379 3612 vesicens
401 3535 548 3631 iterare,
576 3537 682 3610 donec·
707 3534 888 3635 glutineum
914 3535 995 3609 illud
1030 3535 1122 3633 peni·

147 3673 204 3733 tus
228 3656 427 3735 ediceretur.
459 3654 576 3729 Habeo
607 3656 791 3756 frequentes
820 3679 961 3752 casus,
988 3658 1045 3756 qui
1072 3651 1137 3725 vel
1203 3649 1208 3654 ’

150 3781 284 3859 tertium
309 3780 454 3852 vesicuns
481 3778 617 3874 repetitu
641 3775 824 3874 exegerint.
853 3773 964 3847 Placet
988 3774 1030 3846 ud
1055 3771 1119 3845 hoc

151 3926 279 3992 uuum,
308 3912 364 3973 ant
389 3899 522 3986 ulter-nm
539 3895 704 3981 historiam
721 3921 885 3971 recensere
907 3951 914 3970 .
945 3892 1040 3969 Miles
1056 3907 1125 3972 erat
1178 3948 1181 3957 ·
