2544 4710
566 428 792 527 <aar

93 658 94 662 ,
140 602 199 664 aut
222 588 375 664 circulari
399 591 534 682 forma,
565 603 622 661 aut
648 587 787 660 striatim
811 582 1049 658 incredibiliter
1073 609 1131 659 ex-

138 734 287 811 pansae,
314 711 409 786 brevi
434 710 643 812 amplissimis
668 709 769 811 nigris
793 708 1021 805 gangraeuosis
1058 733 1133 781 rua·

139 831 225 918 aulis
249 845 360 915 eutem
387 847 493 908 totam
517 831 766 906 defaedarunt.
795 831 864 904 Vix
890 881 909 925 ,ἢ
935 856 1020 932 quae
1045 830 1130 906 vasi-

139 950 519 1047 cantiasustiuaaraut,
546 951 618 1026 loca
642 949 800 1025 tibiarum
822 951 862 1024 iis
885 947 1047 1024 immunia
1072 945 1131 1049 ap·

137 1095 278 1171 paruere
292 1070 448 1174 (xxvur).
477 1069 546 1145 Sed
569 1073 596 1144 si
619 1072 855 1170 suppuratione
871 1082 968 1145 aucta
995 1068 1132 1167 ,perfe-

140 1200 275 1290 ctaque,
295 1190 457 1301 vesiculae
482 1192 676 1288 sanguineae
700 1190 782 1262 fiant
803 1202 878 1289 post
893 1189 1128 1287 undecimum,
1170 1289 1172 1293 ι

143 1306 198 1396 sel
209 1309 448 1385 duodecimum
472 1310 583 1385 morbi
607 1309 727 1405 dem,
753 1310 780 1382 si
803 1308 974 1411 petecbiaa
987 1309 1128 1404 nullae,

141 1430 377 1524 intermixtae,
404 1432 430 1504 si
456 1433 579 1507 viscera
604 1457 671 1504 nou
688 1427 1006 1531 exerevera·(xxv1),
1022 1434 1050 1504 si
1072 1428 1132 1502 de-

142 1578 243 1626 mum
258 1553 429 1650 respiratio
454 1551 570 1644 bona,
590 1578 694 1653 quam
709 1577 771 1649 ego
786 1553 978 1648 praesertim
1001 1578 1020 1624 a
1044 1551 1128 1625 duo-

144 1672 279 1748 decimo
309 1674 364 1744 die
381 1674 470 1747 soleo
486 1676 523 1746 in
540 1672 706 1747 variolosia
726 1686 883 1772 tauquam
913 1673 1128 1772 praecipuum
1233 1739 1239 1748 ,

142 1789 247 1863 futuri
262 1789 376 1867 morbi
392 1803 528 1864 eventus
544 1791 673 1886 siguum
685 1789 851 1864 attendere
865 1846 876 1884 ,
892 1804 928 1862 et
944 1792 1032 1864 cutis
1044 1818 1129 1864 nan-

140 1907 287 1981 nimium
299 1905 419 2005 palleat
436 1964 447 1998 ,
465 1933 532 1981 non
549 1922 628 1982 sunt
641 1909 933 2009 pertimescendae.
953 1910 1044 1984 Nam
1061 1911 1132 1986 vidi
1234 1891 1236 1894 Ι

141 2051 388 2128 nonnunquam
403 2026 473 2114 illas
488 2054 549 2127 per
574 2028 710 2103 dorsum
726 2044 818 2102 natas
833 2030 868 2102 in
883 2029 1016 2102 variolis
1032 2031 1132 2111 mam

115 2168 118 2174 ·
144 2146 386 2245 benignissimis
400 2150 469 2221 sine
486 2149 608 2222 damno
618 2183 639 2242 ¹,
659 2152 719 2223 etsi
734 2175 864 2250 semper
877 2164 1006 2250 apertas
1021 2152 1132 2224 statim

144 2266 309 2343 voluerim
329 2320 340 2362 ,
357 2283 391 2341 et
407 2271 539 2342 corticis
554 2272 729 2368 peruviani
761 2275 855 2347 tenui
886 2272 1024 2372 pulvere
1052 2301 1133 2348 con-

140 2415 278 2488 spersas,
296 2390 400 2480 Quod
415 2393 533 2465 vitium
555 2393 715 2488 regimine
733 2394 873 2468 nimium
890 2393 996 2468 calido
1011 2394 1132 2470 habitis

144 2508 317 2583 variolosis
333 2526 381 2583 est
392 2509 565 2583 familiare.
600 2510 718 2610 Itaque
744 2526 893 2607 constat,
924 2511 1133 2588 umbilicatas

139 2617 286 2726 pustulas
299 2625 548 2720 variolarumpi‘
557 2627 691 2724 quando
707 2618 919 2727 degenerent,
934 2633 970 2703 iu
987 2648 1129 2731 quatuor

144 2744 337 2842 praecipuas
361 2745 492 2840 species.
509 2741 663 2836 mutari,
689 2745 724 2816 iu
750 2747 910 2839 resides,
938 2748 1008 2821 sive
1038 2777 1131 2847 gan.
1244 2757 1250 2773 ·

144 2875 352 2964 gritenosae
365 2900 381 2948 ·,
407 2866 443 2937 in
468 2871 746 2966 corruptoriae,
772 2869 808 2938 iu
824 2869 1130 2966 crystallinas„in

140 3009 370 3062 verrucosus.
399 2984 645 3058 Vesicularium
669 3008 750 3058 vero
767 2985 970 3083 degenerum
986 2991 1130 3085 speciem
1205 2966 1208 2974 .

142 3131 214 3185 esse
239 3131 342 3178 uuam
364 3131 649 3210 perpetrarentur.
677 3103 767 3177 Nam
781 3106 1045 3208 siliquoearum
1071 3133 1131 3178 no-

143 3255 228 3300 vum
254 3251 386 3324 genus,
412 3227 506 3326 quod
528 3228 714 3306 Fauruurus
740 3225 821 3326 (e)
848 3227 1032 3326 adjunxit,
1062 3254 1129 3300 non

147 3349 276 3459 obtinet
299 3373 359 3445 per
382 3373 441 3441 se,
460 3347 525 3423 ‘sed
564 3347 863 3450 crystallinorum,
907 3376 986 3422 cum
1018 3362 1127 3423 retro-

95 3547 97 3551 ,
147 3490 272 3542 cessere
299 3467 316 3568 (
340 3471 432 3540 urxx'
455 3467 499 3566 ),
528 3460 1127 3569 habitusest(x1x).Cum'igi-
1182 3475 1184 3478 ’

144 3604 200 3679 tur
224 3587 435 3687 pustularum
461 3586 701 3663 variolosarum·
722 3588 819 3682 duo,
847 3588 938 3688 quod
963 3587 1124 3688 ‚formam
1229 3582 1230 3586 ’

144 3723 297 3808 spectat,
324 3710 431 3808 prima
457 3734 576 3806 genera
600 3710 691 3801 sint,
718 3723 750 3780 et
789 3706 1003 3781 umbilicatae
1039 3702 1120 3776 aliae

517 3861 719 3883 *buu—-

146 3971 192 4059 (c)
214 3962 262 4036 De
286 3964 483 4037 variolarum
519 3938 712 4074 Quibusdam
747 3959 870 4055 gener(
885 3952 925 4028 ad
949 3920 1124 4030 Matar-uu.

798 4083 828 4165 l.
