2544 4710
564 414 725 529 (2⁸8)

144 576 285 694 'ligantia
304 649 314 688 ‚
335 588 398 695 qui
422 578 511 668 serto
535 594 571 664 in
594 616 634 665 oa
658 590 809 688 principis
834 589 956 687 Regiae
996 587 1127 664 variolis

146 720 361 814 interemptae
378 712 583 808 dissectione,
599 736 701 812 quam
715 710 824 785 eidem
849 711 1019 810 descripsit
1032 711 1125 784 Ban-

150 861 327 929 nnomno,
355 835 476 906 viscera
514 834 624 905 omnia
665 831 887 923 memoravit,
915 840 1123 923 omentum,i

144 951 268 1025 lienem
288 1005 297 1041 ,
325 949 542 1024 ventriculum
559 967 583 1041 ,'
609 947 738 1047 hepar,
767 974 851 1040 cor,
885 946 1118 1037 ilacciditato,

95 1075 100 1092 ⁷
144 1087 205 1146 ¹aut
230 1072 523 1163 inflammationis,
551 1070 610 1142 vel
629 1094 827 1168 gangraenas
851 1074 958 1168 specie
972 1067 1124 1142 laborou·¹

140 1197 220 1286 tia,
248 1219 314 1266 non
339 1204 448 1264 autem
474 1190 638 1289 pustulosa
656 1219 667 1279 ;
694 1191 867 1290 pulmones
879 1190 979 1282 solon
997 1193 1035 1263 in
1051 1190 1122 1290 qui·

143 1311 212 1384 ¹bus
237 1310 363 1383 facilem
389 1312 510 1382 erroris
535 1335 684 1384 caussam
707 1312 938 1410 proposuimus
956 1310 980 1409 ·(
995 1307 1120 1408 nn),-

142 1419 202 1507 vear
224 1446 380 1532 utraque
401 1447 509 1532 parte
530 1432 722 1530 putridos,
751 1447 788 1506 et
810 1436 988 1528 sanguine
1013 1435 1119 1531 nigri·

134 1568 255 1627 eante
277 1553 431 1652 plenos,
458 1567 494 1624 et
525 1567 602 1626 tota
642 1553 829 1652 superficie
865 1554 1020 1628 maculis
1039 1589 1054 1640 ,=
1087 1556 1121 1627 'et

138 1674 295 1776 pustulis
315 1673 510 1771 insignibus
523 1696 733 1772 conspersos
750 1671 820 1773 (t)
839 1725 848 1742 .
867 1673 964 1763 Quae
987 1672 1121 1772 diliger·

137 1796 235 1884 tiae,
262 1792 479 1892 candorisqu'e·
498 1789 566 1864 laus
592 1792 634 1862 ad
658 1790 832 1862 Dorieon
850 1789 996 1865 nonnihil
1023 1796 1119 1866 etiam

141 1913 283 2012 prinei
303 1965 314 2003 ,
333 1912 394 2010 qui
416 1914 451 1982 iu
476 1909 690 1983 cadaveribus
714 1909 846 1984 variolis
870 1911 1115 2004 defunctorum,
1142 1914 1147 1931 '

138 2034 349 2133 pulmones,
378 2029 644 2130 diaphragma,
672 2032 902 2106 ventriculum
929 2047 998 2106 etc.
1042 2059 1119 2107 sae·

138 2177 187 2252 pe
212 2154 342 2249 nigro,
364 2167 399 2224 et
425 2165 599 2250 corrupta
624 2174 663 2222 se
687 2151 813 2224 vidisse
837 2149 1025 2244 affirmarit,
1045 2154 1115 2253 qui-

138 2271 206 2345 bus
229 2270 308 2344 locis
339 2272 367 2342 si
391 2270 553 2344 variolas
592 2268 738 2362 tribuere
763 2267 897 2344 deberet
916 2316 936 2364 ,·
970 2299 1027 2346 eas
1055 2300 1116 2349 non

142 2391 279 2492 quidem
304 2389 450 2462 elevatas.
468 2393 502 2462 in
527 2393 793 2464 eorumextima
818 2392 1021 2490 superficie,
1061 2395 1115 2468 sed

136 2516 239 2585 'eirea
264 2515 473 2584 interiorem¹
491 2511 752 2604 nsembranam,
770 2517 1048 2612 nigerrimarum
1067 2517 1117 2589 iu·

137 2647 207 2720 'star
232 2644 432 2719 macularum
452 2703 461 2740 ,
481 2654 588 2748 quasi
601 2650 761 2721 adnotes
777 2647 885 2723 dicere
901 2650 1048 2753 posset(
1071 2651 1088 2753 )
1108 2709 1115 2726 .

134 2765 185 2860 ‘In
213 2787 308 2866 quo,
329 2769 390 2839 etsi
412 2766 541 2840 scholae
566 2767 677 2841 videas
702 2768 939 2872 praejudicium
963 2773 1112 2845 nonnihil

133 2910 220 2959 'cum
243 2887 291 2958 rei
316 2899 428 2958 natura
455 2886 646 2980 reluctans,
686 2887 766 2960 nihil
790 2903 901 2961 tamen
938 2889 980 2962 de
1005 2911 1116 2985 vera,

16 3031 20 3036 ’
133 3017 244 3129 'quam
267 3029 452 3129 quaerimus
473 3084 482 3121 ,
509 3016 548 3100 ¹et
574 3027 722 3103 distincta
745 3029 953 3129 pustularum
979 3031 1116 3108 variola·

139 3172 223 3221 rum
242 3145 469 3220 observatione
493 3141 689 3220 continetur.
719 3148 769 3222 Ut
793 3147 991 3251 nequidem
1018 3152 1118 3228 consil

139 3259 208 3342 neri
234 3283 314 3367 puto
349 3270 384 3340 in
410 3261 651 3362 Muan11,'‘aut
692 3269 937 3366 Bonnunavn,
965 3269 1115 3348 aliorumss

131 3395 207 3488 'que
224 3412 236 3481 ,¹
261 3388 320 3488 qui
345 3390 490 3488 proprias
516 3388 665 3462 historias
689 3386 896 3485 retulerunt,
916 3387 1116 3468 obseruatio

135 3508 253 3631 nibus.
283 3515 372 3599 Nom
397 3526 555 3600 Mamm
581 3530 757 3627 generatim
782 3529 1113 3642 sevidissejiuquin

539 3721 740 3746 -ῢ--ιι-

143 3842 186 3930 (t)
209 3836 421 3930 Epistulae.
449 3837 597 3937 Cautus.
668 3847 720 3939 (u)
743 3843 1001 3938 Encyclopediae
1023 3849 1113 3920 Med.

60 4012 79 4035 Ι,
184 3950 331 4056 Epistola
355 3977 445 4020 xxrx.
664 3976 671 3984 ·
716 3953 791 4023 Lib.
807 3980 861 4027 av.
888 3981 960 4048 cap.
977 3986 1044 4043 ms
1076 4024 1103 4050 1,,
