2544 4710
448 324 451 335 Ι
546 384 677 485 (9¹)

135 542 371 637 admiratione,
397 543 607 618 vehomenter
633 540 816 642 improbo,
844 565 929 643 quae
953 546 1105 620 nocuisse

135 687 260 759 semper
282 661 376 756 ridi,
395 682 566 763 nunquam
585 662 756 760 profuisse.
791 661 896 752 Quod
917 663 1008 738 adeo
1022 664 1109 738 mul-

135 779 172 851 tis
195 777 305 853 habeo
327 781 559 855 confirmatum
586 779 900 873 observationibus,
927 799 965 856 ut
1002 783 1106 857 Vete-

135 924 184 971 res
205 897 301 997 plane
323 901 425 978 mirer
448 914 497 974 tot
536 901 709 994 fomenta,
736 912 786 973 tot
812 899 956 996 ung-uino
995 899 1101 974 calida

135 1022 275 1117 potuisse
298 1020 478 1094 ischiadicis
502 1021 648 1119 proficua
671 1019 889 1121 praedicare:
917 1020 951 1094 in
966 1019 1101 1094 hisAu-

137 1162 310 1214 nmrrnuu
333 1138 417 1242 (q).
445 1143 576 1242 Equitio
599 1153 710 1214 autem
735 1165 827 1213 casus
844 1131 927 1212 'ante
952 1138 1014 1215 hos
1027 1165 1108 1238 qua-

134 1268 208 1333 tuor
232 1283 316 1356 pene
340 1283 446 1332 annos
467 1259 579 1331 adhuc
604 1260 782 1332 memoriae
813 1258 1000 1332 succurrit.
1038 1257 1106 1330 Po-

137 1377 269 1477 dagmm
293 1379 435 1455 subinde
460 1395 612 1478 expertus
637 1381 811 1477 corripitur
827 1380 947 1490 dolore
973 1381 1107 1453 coxorio
1234 1429 1236 1434 -

132 1496 173 1568 od
195 1496 319 1596 podem
342 1513 466 1576 eunte.
495 1497 717 1591 Consulitur‚
745 1499 892 1571 ursinam
924 1497 1104 1594 axungiam

133 1615 372 1718 aliquanlulum
396 1616 536 1692 calidam
561 1619 762 1714 inungeret,
788 1630 860 1689 tum
895 1616 1030 1692 laterem
1053 1616 1106 1687 in-

138 1753 269 1815 coctum
293 1738 652 1840 quamcalentissimum
676 1740 829 1811 inunctas
853 1737 921 1842 secli
960 1764 1105 1836 appone-

134 1872 209 1932 ret.
238 1860 381 1933 Factum
402 1886 411 1931 ε
439 1873 472 1931 at
497 1874 611 1935 auctus
636 1872 684 1930 est
697 1858 864 1954 insiguiter
882 1871 1029 1951 actutum
1048 1857 1109 1930 do-

136 1977 210 2058 lor„
238 1978 295 2077 qui
320 1991 431 2050 tamen
457 2003 514 2075 spe
550 1976 659 2051 salutis
682 1979 791 2075 primo
827 1977 1007 2050 toleratur.
1036 1975 1104 2049 Sed

132 2097 296 2181 molestiae
318 2100 725 2196 insignitecincrescunt,
754 2097 957 2198 ejulatusque
991 2112 1105 2171 extor-

129 2231 228 2317 quent
252 2214 348 2313 plane
371 2218 569 2290 miserrimos
597 2271 605 2288 .
634 2215 690 2295 Ad
712 2215 793 2290 haec
809 2244 963 2316 cmmpus
989 2244 1105 2316 super-

131 2338 219 2408 seuit
255 2332 537 2408 violentissimus.
579 2335 679 2411 Tunc
704 2337 809 2434 ejecto
846 2335 972 2430 tatere,
1012 2337 1106 2410 sedes

130 2457 263 2531 inuncta
299 2454 434 2528 sollicite
471 2469 719 2554 perpurgatus.
746 2456 852 2531 Durat
892 2457 1108 2534 nihilomiuus

131 2575 328 2666 convulsio,
354 2573 465 2672 paullo
489 2588 600 2647 tamen
624 2577 659 2652 in
685 2574 754 2653 dies
769 2577 908 2668 mitior,
936 2576 1003 2648 fece
1020 2575 1106 2650 hou

132 2692 329 2769 domadum.
357 2691 454 2764 Dicta
470 2747 481 2785 ‚
506 2693 654 2792 requiete
672 2748 683 2786 ,
702 2693 809 2768 multo
825 2708 922 2794 epoto
938 2721 996 2794 per
1009 2696 1100 2771 diem
1195 2690 1197 2695 ’

133 2809 321 2893 dilutissimo
344 2835 418 2890 sero
441 2808 564 2903 lactis,
590 2811 686 2887 rediit
701 2810 797 2895 dolor
812 2814 1014 2908 tolerabilis,
1033 2842 1110 2888 cru-

135 2933 242 3030 risque
267 2933 342 3004 satis
368 2931 544 3024 commoda
582 2933 744 3029 agitatio.
772 2933 891 3025 Haec,
918 2932 1035 3033 hisque
1061 2935 1105 3006 si-

135 3052 218 3125 milia
243 3078 300 3127 me
324 3052 513 3126 docuerunt
539 3052 687 3150 exempla
711 3079 812 3153 quam
837 3053 955 3125 noxius
980 3056 1017 3126 in
1042 3054 1106 3128 hoc

136 3172 274 3265 morbo,
301 3186 339 3247 ut
364 3188 567 3251 caeterarum
600 3172 779 3255 calidarum
797 3185 916 3247 'rerum
941 3174 1101 3276 (xxxu),

138 3291 359 3374 inunctionurn
383 3295 481 3366 etiam
509 3294 714 3386 calentium,
741 3309 840 3396 atque
858 3368 862 3376 ,
879 3296 1101 3372 fomentorum

141 3428 216 3486 esset
240 3439 347 3487 usus,
377 3415 493 3514 Itaque
518 3417 664 3490 inunctio
689 3417 799 3514 frigidi
825 3418 866 3488 sit
880 3415 968 3488 olei:
997 3419 1038 3490 ad
1056 3418 1107 3490 lu·

140 3525 316 3606 inararem
341 3535 427 3606 enirn
454 3535 659 3627 instituitur,
687 3561 773 3635 quac
799 3532 905 3606 calore
931 3559 995 3606 non
1021 3536 1108 3608 indi-

143 3665 212 3743 get.
239 3653 296 3728 sic
319 3654 485 3729 frictiones
509 3655 672 3752 proficuae
696 3654 917 3728 videbuntur.
947 3656 1104 3748 Quarum

146 3865 185 3963 lq)
207 3869 294 3940 Loco
316 3879 445 3967 jamjam
469 3874 565 3941 citato
590 3896 624 3963 p.
651 3897 695 3949 m,
724 3875 798 3948 550·
