2544 4710
640 39 655 72 X
692 39 729 74 Γ
763 39 777 74 Ι

151 121 321 218 menn,
348 138 421 201 tum
447 153 506 227 per
528 132 731 230 senguiscres
755 138 817 207 'erit
857 138 1052 232 reginarum
1074 161 1128 207 ar·

132 251 424 353 miserentque
446 251 580 327 uberior
605 280 683 328 cum
698 254 804 327 aerior
828 246 959 327 offuerit
975 255 1133 329 indutio:

145 368 237 470 quod
262 394 392 468 semme
414 383 463 443 est
479 370 614 471 quando
631 372 726 447 dolor
742 372 844 447 saevit
861 426 871 447 .
887 369 1032 469 ,Dolonis
1048 398 1129 468 ergo

147 477 299 588 tempore
323 488 460 561 arteriae
484 489 609 586 simrd,
637 494 794 592 nervique
819 495 1005 586 irritantur,
1032 506 1065 564 et
1089 490 1125 564 hi

148 609 315 708 subjectos
350 606 520 682 musculos
557 610 774 705 convellunt,
801 612 989 712 faciuntque
1029 635 1124 708 saepe

145 756 297 828 cmmpos
321 729 562 805 dolentissimus
587 731 672 832 (v),·
713 732 786 807 idae
818 735 960 806 nimium
996 730 1123 829 repient

144 850 250 924 cruris
273 877 415 943 carnes,
442 865 475 924 et
499 851 783 951 quemadmodum
808 864 911 926 toum
928 852 1125 925 exteriorem

142 969 247 1042 cruris
273 968 521 1068 aflectipauem
536 971 712 1069 puroxismi
736 986 884 1070 tempore
908 971 1029 1051 sudoro
1043 995 1120 1066 per-

144 1089 317 1178 fundunt3
345 1091 439 1189 (ruod
464 1091 639 1193 aliquando
663 1095 787 1169 factum
812 1093 982 1181 vidimus3
1009 1093 1054 1164 ita
1070 1093 1122 1163 iu«

147 1212 308 1285 trinsecus
332 1213 466 1307 vaginas
490 1215 698 1311 potissimum
724 1240 876 1288 nervosas
893 1240 1040 1295 caussam
1065 1213 1124 1283 sti-

142 1326 225 1400 muli
249 1327 408 1400 lubentes
432 1328 577 1402 uberiori
589 1333 722 1428 'vaporis
738 1334 831 1430 copia
850 1331 953 1402 ditunt
971 1327 1121 1429 (xxxiv).

143 1450 307 1546 Crampos
332 1464 445 1522 autem
470 1450 542 1523 illos
568 1453 662 1551 sequi
687 1451 769 1524 solet
786 1477 945 1525 venarum
971 1449 1034 1521 suh
1049 1461 1124 1520 cute

140 1571 240 1668 partis
267 1568 407 1644 dolentis
434 1571 688 1653 discurrentium
714 1575 909 1671 temporaria
925 1570 1049 1643 inflatio
1066 1597 1124 1644 vus

140 1694 377 1798 ricose,quan1
403 1709 440 1768 ut
466 1692 548 1772 olim
575 1699 610 1769 in
626 1693 802 1771 ischiadico
819 1696 1006 1792 paroxismo
1023 1695 1124 1766 Min*

141 1841 263 1895 runos
289 1814 374 1915 (v),
405 1842 466 1889 uos
489 1817 524 1887 iu
562 1819 663 1914 ragis
696 1821 851 1915 erumpis
882 1813 1127 1914 hystoricorum

143 1938 227 2015 clere
252 1935 396 2033 vidimus
418 1990 426 2006 .
457 1933 598 2013 Stabiles
623 1947 735 2008 autem
759 1959 917 2033 uerasque
939 1932 1063 2012 varices
1080 1930 1125 2002 ab

142 2057 326 2136 ischiadicis
348 2057 497 2154 crmupis
518 2069 609 2136 notas
634 2056 742 2129 adhuc
766 2082 833 2128 non
859 2054 963 2145 novi,
991 2053 1048 2123 sed
1065 2079 1125 2123 uo-

142 2181 173 2253 ri
198 2192 274 2277 post
297 2204 471 2275 erarupum
497 2202 563 2248 nou
588 2175 1006 2267 isclrindieom,attarrre11
1032 2198 1125 2245 ater«

143 2302 293 2391 nimum,
320 2325 378 2397 per
403 2323 482 2370 crus
507 2300 685 2371 et'coxnm
710 2295 840 2369 laevam
865 2297 989 2368 varices
1029 2320 1126 2366 exon.

142 2438 216 2514 us,
241 2433 436 2516 contortas,
465 2419 624 2514 callosus,
652 2444 738 2519 quoe
763 2416 897 2495 stabiles
921 2442 1120 2488 remansere.

142 2544 235 2623 Adeo
268 2569 386 2618 verum
425 2555 471 2614 est
510 2541 575 2616 sub
606 2539 756 2617 violentis
787 2540 928 2636 erumpis
957 2562 1128 2626 ¹venarum

142 2661 201 2738 loci
226 2675 361 2737 truncm
387 2662 624 2762 contorqueri,
652 2658 810 2758 sedesque
846 2670 1012 2730 contortas
1038 2657 1124 2728 diui„

143 2781 240 2866 rilem
253 2781 436 2879 ‘sanguinis
461 2805 646 2878 regressum
684 2777 863 2868 sariendo,
891 2777 1023 2873 longam
1061 2791 1126 2848 sta·

141 2904 329 3000 guntionem
353 2903 423 2999 ejus
448 2901 484 2983 iu
507 2903 606 2972 ramis
619 2896 803 2982 lenioribus
821 2899 961 2991 efficere,
984 2923 1150 2985 eorume„

140 3049 203 3124 quo
228 3022 421 3104 dilutionem
440 3044 459 3094 .·
475 3022 620 3105 Possunt
648 3037 760 3098 autem
784 3034 818 3092 et
832 3020 965 3093 violenti
990 3035 1024 3092 et
1050 3020 1126 3091 lon-.
1229 3024 1235 3032 '

141 3147 171 3239 gi
196 3138 427 3226 musculorum
452 3155 594 3236 motuS,
622 3168 727 3242 neque
752 3168 791 3213 ae
829 3122 986 3239 erumpi,
1016 3153 1124 3212 mutn-

142 3263 269 3347 tionem
294 3259 477 3344 vorieosnm
501 3260 535 3338 in
578 3287 678 3340 venas
711 3258 895 3342 irulucere.
943 3259 1130 3358 Nuperquo

145 3381 300 3459 Matrona
324 3379 465 3479 crumnis
489 3378 550 3452 illis
576 3379 720 3455 obnoxiu
741 3407 750 3468 3
771 3393 914 3461 tructus.
936 3404 1127 3456 enervorum

151 3505 269 3604 uolgus
293 3500 433 3614 spondet
458 3529 469 3592 3
496 3526 562 3601 quo
587 3501 659 3577 loeo
684 3497 862 3583 identidem
900 3499 1124 3600 potiebatur>
