2544 4710
538 434 555 534 (
585 439 651 536 ¹⁸7
679 433 708 534 l*

137 588 403 671 caedebamur,
432 591 637 667 Raucituteru
662 605 774 666 tamen
789 647 805 686 ,v
839 589 1123 696 deglutimdiqud'

138 708 365 785 difficultatem
389 711 424 784 in
448 735 549 809 aegro
571 723 700 785 autam
725 737 766 783 eo
791 711 961 806 dieuidi,
981 714 1111 814 quivis

110 922 112 927 ,
140 857 264 932 paucas
285 858 392 934 aquae
410 845 676 932 *guttaspoterat
698 834 872 930 recipere.
898 829 1038 906 Decimo
1052 858 1113 905 au·

142 966 214 1027 tem
237 951 291 1025 die
313 952 463 1053 pustulae
487 978 553 1052 per-
571 954 688 1027 faciem
702 953 970 1052 suppurationem
982 965 1114 1028 tantam

139 1077 270 1148 fuerant
292 1074 454 1173 adeptae,
482 1087 520 1147 ut
541 1076 612 1173 jam
639 1072 815 1147 nonnullae
839 1076 982 1149 invicem
1021 1096 1115 1147 cocw

140 1197 375 1272 misceremur:
403 1196 493 1300 quod
508 1223 550 1272 ne
571 1200 606 1269 in
631 1193 786 1283 omnibus
799 1196 904 1290 fieret,
931 1197 1044 1270 forfice
1053 1221 1117 1293 pu·

141 1316 306 1393 stolarum
328 1333 582 1419 suppuratarum
596 1318 689 1392 sedm
698 1318 927 1391 eminentiores
942 1319 1020 1416 jussi
1034 1343 1117 1416 pau-

142 1432 246 1509 lulum
270 1441 454 1535 amputari,
481 1465 559 1539 quov
575 1463 637 1537 pus
660 1451 852 1512 contentum
876 1439 1089 1510 emitterent.

126 1621 129 1628 ,
240 1555 292 1627 X.
320 1556 408 1630 Nam
433 1556 608 1631 undecimo
632 1555 709 1648 die,
736 1579 814 1629 cum
832 1558 922 1638 ,cutis
938 1555 1119 1629 ¹uruversae

146 1690 257 1750 tumor
275 1680 409 1770 crevit,
436 1692 470 1750 et
493 1675 616 1750 roualtae
639 1679 708 1774 jam
739 1698 939 1774 percorpus
970 1672 1121 1774 pustulae

140 1798 261 1897 passim
286 1809 480 1895 suppuratae
499 1809 742 1900 apparuerant,
768 1793 912 1892 pdecurit,
932 1807 981 1866 ut
1003 1819 1120 1868 omncs
1165 1842 1168 1848 ι

143 1915 293 1989 similiter
316 1929 591 2015 amputarentur,
622 1915 749 1989 Vermn
772 1941 869 2013 aeger
891 1917 1022 2013 pruritu
1052 1914 1120 1989 sol*

144 2034 285 2107 licitatus
309 2034 450 2134 scalpere
472 2039 592 2136 passim
615 2058 762 2134 corpus,
788 2047 823 2106 et
846 2031 978 2107 artificis
999 2057 1122 2132 operae

144 2156 324 2252 refragari.
352 2155 453 2227 Tussi
477 2154 608 2227 iuterim
631 2151 699 2226 albi
723 2151 853 2251 glutinis
889 2151 997 2253 aliqua
1020 2153 1119 2249 copia
1243 2184 1246 2189 ’

143 2271 355 2347 excreabatur
376 2329 387 2368 ,
413 2272 554 2347 rauoedo
578 2270 769 2370 perstabat,
796 2271 944 2348 salivatio
957 2275 1121 2372 utpiosaa

145 2396 254 2496 itaque
279 2398 406 2492 jussum
430 2409 479 2470 est
503 2392 643 2469 colluere
664 2394 777 2470 -fauoes
806 2393 943 2470 deuocto
971 2393 1088 2468 hordei
1106 2400 1127 2490 ‚¹

144 2516 260 2590 addito
286 2518 429 2620 pauxillo
452 2517 558 2592 mellis
582 2520 728 2593 rosacei.
756 2515 834 2590 Sub
858 2530 990 2590 noctem
1018 2514 1122 2614 hujus

145 2641 209 2713 diei
234 2655 349 2738 sponte
384 2639 497 2714 alvum
533 2620 629 2738 aeger
652 2642 760 2740 primo
796 2637 983 2712 exoneravit
1006 2641 1126 2742 paucis

143 2761 309 2854 faecibuS,
337 2776 370 2833 et
394 2761 484 2834 duris
501 2801 517 2833 .=
537 2760 716 2835 Calorificn
730 2759 955 2859 atmosphacra
980 2755 1035 2858 (v)
1050 2755 1117 2831 hoo

145 2882 352 2982 potissimum
376 2878 429 2952 die
454 2879 559 2952 acrior
583 2894 631 2953 est
654 2878 855 2953 observata.

155 3023 166 3031 ‘¹
185 3013 210 3024 “’
244 3001 312 3072 ΧΙ.
338 3000 545 3074 Duodecimn
580 3015 690 3076 autem
716 2998 769 3072 die
806 2997 950 3072 multum
984 2996 1122 3098 quidem

148 3118 353 3219 pustularum
376 3145 436 3218 per
460 3117 623 3222 reliquum
647 3138 765 3218 corpus
781 3118 967 3216 suppuratio
993 3143 1126 3216 proces-

148 3240 226 3310 sisse
250 3240 320 3312 visa
343 3254 420 3332 est,
446 3266 505 3311 nec
530 3255 641 3313 tamen
665 3241 843 3313 universim
879 3250 1038 3330 recepta,
1065 3257 1126 3310 sud

144 3338 338 3455 perstiti'bus¹
361 3359 468 3432 adhuc
492 3384 556 3432 non
582 3360 692 3458 paucis
715 3356 926 3430 inflammatis
949 3352 1121 3452 pustulis,

147 3493 182 3551 ct
223 3480 334 3554 crudis
355 3536 363 3552 .
387 3480 486 3552 ¹Cutis
524 3483 615 3554 facici
639 3479 751 3580 paullo
787 3478 943 3552 tumidior
966 3475 1031 3550 hoc
1069 3475 1123 3549 die

146 3604 235 3676 suit:
264 3601 430 3700 deglutitio
453 3624 583 3702 prorsus
596 3603 777 3701 impedita;
795 3599 958 3675 anhelitus
974 3601 1122 3700 insignis,

149 3725 244 3796 tussis
268 3721 461 3816 molestior,
487 3737 522 3795 'et
542 3725 736 3798 materiatae
754 3721 890 3825 pulsus,
919 3735 955 3794 ut
978 3733 1121 3820 poterat,

149 3839 332 3940 explorati,
359 3829 549 3938 amplissimi
575 3839 792 3937 videbantur,
809 3853 843 3912 et
855 3860 939 3938 pene
952 3854 1121 3936 απυρετοε.

116 3946 117 3951 ’
150 3960 300 4035 Territus
323 3977 420 4057 aeger
444 3952 647 4034 difficultate.
662 3957 861 4058 deglutiendi
880 4013 890 4054 ,
916 3969 950 4030 et
974 3953 1125 4054 angustia
