2544 4710
490 420 621 522 (59)

63 608 216 659 nascere.
245 582 403 661 Blandior
426 581 611 680 Chirurgus
643 585 788 656 caustico
813 581 925 656 locum
964 602 1042 679 ape·

57 704 124 794 rit3
148 706 286 779 cicatrix
324 704 442 800 dura,
483 704 652 805 glandulae
683 704 871 799 solidatae,
899 717 1043 778 renuunt

58 851 99 901 eo
119 825 244 900 anxilio
267 825 390 901 destnn
411 883 420 902 .
449 827 588 901 Interim
605 829 793 921 cruciatus,
820 828 1038 919 insomnium,

57 946 184 1047 macies,
203 970 339 1044 aegrum
364 946 550 1046 dejiciunt.·
575 947 670 1021 Tum
695 947 864 1047 desperato
888 945 977 1020 malo
996 945 1044 1020 ef·

61 1065 148 1142 ficax
173 1080 207 1150 et
232 1067 339 1146 solum
365 1068 546 1142 admittitur
568 1062 1046 1164 auxilium.Glai1dnlaoigne

58 1202 189 1289 apertae
212 1204 458 1289 suppurantur,
485 1193 724 1290 suppurationis
747 1214 921 1290 progressu
954 1189 1046 1265 dolo·

58 1335 110 1383 ros
137 1311 258 1385 minuti
294 1324 369 1387 snut
400 1367 411 1406 ,
438 1323 470 1383 et
494 1313 631 1385 omnino
669 1337 831 1386 evanuere
869 1324 1046 1410 postquam

59 1430 288 1532 glandularum
312 1433 464 1524 duritas,
491 1432 714 1534 volumenque
727 1425 922 1509 morbosum
942 1489 951 1526 ,
969 1450 1045 1514 sunt

59 1553 224 1627 destructa
243 1585 251 1627 ·.
280 1553 376 1628 Duos
399 1556 467 1626 fere
491 1578 618 1626 menses
643 1551 726 1627 haec
740 1554 864 1627 curatio
880 1556 1043 1654 poposcit,
1120 1643 1126 1656 Ι

55 1673 115 1750 sad
140 1675 259 1747 sanitas
283 1677 408 1773 integra
432 1689 541 1749 secuta
566 1689 639 1748 est.
669 1674 787 1749 Habeo
812 1663 910 1750 etiam
935 1704 1048 1751 exem·

58 1793 113 1895 pla
139 1823 341 1892 numerosa,
368 1809 443 1896 post
466 1802 576 1871 ulcera
600 1799 754 1873 diuturna
778 1800 906 1898 ponitus
936 1796 1046 1872 occlu-

57 1945 124 2011 sa,
153 1945 327 1994 nervosam
352 1919 438 1993 hanc
462 1918 639 1995 ischiadem
664 1946 919 2021 perpessorum.
950 1924 1046 2014 Quae

60 2039 215 2113 videntur
243 2037 470 2132 documento,
499 2065 540 2114 ex
565 2042 684 2114 infecto
696 2043 764 2140 jam
778 2043 954 2140 sanguine,
972 2069 1047 2141 pra-

60 2187 144 2234 vum
167 2185 329 2258 vaporem
352 2185 529 2236 nervorum
554 2159 806 2236 ischiadicorum
840 2164 971 2260 vaginas
996 2186 1048 2234 re-

59 2278 197 2356 tulisse.
226 2280 266 2358 In
290 2261 362 2355 aliis
384 2307 480 2380 saepe
505 2270 575 2355 vidi
600 2279 648 2356 ob
671 2281 776 2380 frigus
800 2282 1044 2376 immodicum,

60 2427 155 2475 crure
175 2456 186 2495 ‚
213 2428 360 2505 coxaque
384 2417 583 2503 receptum,
612 2403 763 2479 eamdem
787 2400 964 2481 ischiadem
979 2428 1047 2478 esse

60 2534 201 2600 nomm:
227 2522 408 2624 inquibus
434 2525 493 2596 nisi
520 2523 607 2600 dicas
631 2551 748 2601 sanum
773 2536 1047 2624 antea'vaporem

60 2641 255 2740 vaginarum
279 2644 444 2719 ischiadici
469 2647 562 2719 nervi
586 2643 633 2716 ab
655 2645 808 2718 exteriori
843 2642 897 2717 illa
935 2670 1048 2718 caussa

61 2759 160 2835 fuisse
173 2763 403 2864 'depravatum
421 2822 431 2859 ,
450 2765 539 2840 unde
553 2779 679 2864 repetas
694 2764 873 2839 ischiadem
899 2779 1048 2839 caussam

62 2882 223 2959 desideres
243 2938 253 2956 .
272 2883 390 2957 Habeo
407 2885 505 2960 etiarn
518 2882 666 2981 exempla
682 2897 736 2977 ,et
751 2883 912 2956 recentius
926 2904 1047 2975 unum,

62 3010 219 3108 inqua,
247 3005 352 3081 soluta
375 3003 520 3080 ischiade
545 3030 682 3080 nervosa
707 3003 813 3077 dextri
838 3006 958 3094 cruris,
985 3003 1050 3078 hac

64 3154 175 3205 caussa
201 3139 307 3221 nata,
350 3125 494 3228 paralysi
528 3128 698 3222 ‘correptus
727 3124 843 3199 sinistri
870 3121 976 3195 lateris
1000 3136 1049 3196 est

64 3274 189 3346 aeger,
217 3273 296 3323 cum
321 3250 451 3340 cruris,
479 3260 553 3321 tum
577 3243 731 3318 brachii.
762 3245 876 3336 Quam
902 3272 921 3317 a
946 3257 1050 3316 trans·

62 3369 258 3469 migratione
289 3382 398 3442 natam
438 3367 604 3442 ischiadici
628 3368 776 3440 humoris
800 3394 920 3466 pravae
954 3378 1049 3441 natu-

61 3517 115 3567 rae
140 3483 240 3564 nemo
266 3488 358 3564 facile
383 3491 573 3588 negaverit.

163 3604 338 3686 XXVIII.
369 3613 457 3690 Cum
483 3613 565 3687 adeo
590 3634 668 3714 vero
694 3639 733 3684 ex
759 3610 843 3686 sacili
869 3612 969 3687 ‘solent
994 3643 1048 3688 ac·

65 3739 204 3832 cidere,
235 3752 273 3810 ut
297 3755 380 3837 quae
404 3737 549 3808 maxime
575 3719 714 3810 caussad·
729 3733 782 3804 vel
816 3731 966 3832 augendo
992 3761 1049 3806 ra-

59 3859 159 3960 pori,
187 3857 239 3932 vel
265 3854 443 3957 aspernhdo
469 3870 542 3930 sunt
566 3842 689 3954 aptae,
719 3868 767 3927 tot
803 3853 882 3944 alios
917 3867 1049 3952 practe-

62 3997 152 4064 reant
178 4007 294 4060 nervos
320 3979 463 4079 corporis
487 3977 648 4072 honuni,
676 3975 869 4055 ischiadicos
897 3987 1041 4072 autom,
1114 4031 1117 4043 «
