2544 4710
557 368 715 498 (³17)

140 557 258 648 iacere,
284 555 434 632 lassitudo
457 555 617 657 quaedam
640 569 840 657 spontanea,
855 555 1005 642 ciborum
1020 579 1117 655 saepe
1247 652 1250 657 ‚

83 681 84 684 ’
139 683 246 778 potius
269 681 402 754 infracta
426 677 585 777 cupiditas
607 704 709 778 quam
733 676 929 771 tolerantia,
969 671 1116 779 atquae

141 817 270 900 sumpta
308 801 437 875 uomitu
471 798 565 873 facile
588 800 801 897 rejiciantur3
840 800 957 898 capitis¹
978 800 1118 897 gravitas
1240 779 1262 841 .'

140 949 218 995 curn
242 919 348 1021 aliqua
370 918 414 993 ad
436 944 591 993 somnum
616 916 842 1016 proclinimte;
884 930 917 990 et
941 912 1117 1009 insamae

141 1039 243 1113 facilis
266 1037 505 1138 expergiscendi
531 1016 653 1131 rasus,
686 1063 765 1112 cum
784 1036 914 1135 ¹ejulatu
938 1059 1045 1132 saepe,
1062 1043 1120 1121 aut

142 1157 268 1257 ploratu
285 1213 296 1250 ,
315 1159 375 1258 qui
395 1156 506 1257 pueris
528 1171 577 1230 est
602 1157 744 1231 maxime
768 1153 945 1243 familiaris,
963 1166 998 1226 et
1021 1159 1121 1258 timo·

143 1280 187 1348 ris
211 1275 342 1350 indicio.
373 1276 467 1367 Quae
490 1300 544 1348 res
568 1274 710 1348 subinde
725 1273 849 1348 intendi
875 1291 991 1346 nervos
1008 1284 1118 1368 aperte

143 1411 283 1495 arguunt
307 1394 456 1496 (aava)
472 1451 482 1488 ,
501 1423 737 1496 nonnunquam
762 1395 947 1471 dolorifice.
975 1392 1043 1467 Sed
1057 1393 1119 1467 do·

143 1516 225 1589 iores
249 1516 350 1613 prirni¹
369 1528 527 1614 apparent
542 1571 552 1608 ,
570 1528 604 1588 et
626 1515 882 1613 perseverantius
907 1525 1060 1615 torquent
1072 1511 1120 1600 al-

143 1662 254 1726 rum,
282 1648 314 1706 et
338 1632 495 1708 lumbos:
521 1635 579 1734 qni
603 1635 709 1730 primo
734 1635 887 1726 tormina,
913 1631 1119 1735 colicumque

101 1749 105 1758 ’
143 1755 298 1827 affectum
323 1755 527 1826 mentiuntur
546 1809 557 1844 ‚
576 1767 610 1825 et
634 1752 737 1827 dubia
760 1752 852 1846 sede,
872 1752 974 1841 mado
999 1768 1121 1827 stoma*

144 1873 244 1944 chaam
270 1886 408 1962 tenent,
435 1871 536 1944 modo
560 1872 668 1944 tenuia
691 1884 935 1970 pervagantur,
976 1899 1061 1973 quae
1085 1874 1119 1953 ia

144 1989 405 2088 hypogastrium,¹
423 1999 456 2061 et
473 1988 591 2088 pelvim
604 1989 827 2088 procumbunt
841 1991 1004 2065 intestina.
1024 1992 1121 2082 Quae

149 2108 220 2184 loca
236 2110 352 2183 veneni
377 2108 502 2184 viribus
524 2136 566 2183 eo
582 2111 685 2194 moda
700 2115 862 2211 torqueri,
881 2137 963 2212 quas
973 2113 1122 2191 omnium

144 2229 252 2326 prima
268 2227 484 2326 experiantur,
504 2254 574 2302 non
589 2227 716 2304 difficile
733 2256 911 2330 agnoscas.
939 2229 1028 2305 Nam
1042 2243 1121 2329 post

109 2370 112 2374 “
144 2347 208 2421 alvi
233 2362 421 2441 tormenta,
446 2362 610 2442 anuum,
636 2348 808 2452 etreliqui
833 2352 1001 2451 corporis,
1028 2348 1122 2425 dolo-

142 2467 224 2542 rifici
258 2471 376 2565 spasmi
402 2470 565 2543 veniunt:
592 2496 734 2570 qnorum
770 2470 941 2553 nonnullos
967 2473 1012 2547 ‘vi
1042 2498 1123 2546 con·

143 2612 253 2660 sensus
279 2588 380 2683 oriri,
406 2592 572 2689 quoniam<
587 2589 650 2664 alvi
675 2589 807 2665 sedibus
831 2593 952 2666 afflictis
975 2618 1053 2667 vere
1067 2619 1121 2666 ar·
1155 2638 1157 2642 ·

145 2721 197 2781 tus
223 2710 428 2782 consentiunt
466 2707 633 2809 (xxxiv)
653 2711 799 2808 ,possis
837 2711 1037 2805 admittere3
1063 2704 1123 2787 sed
1196 2706 1198 2708 ’

145 2830 327 2902 maximam
349 2841 477 2927 partem
502 2829 594 2923 fieri,
614 2828 767 2903 translato
783 2829 825 2903 da
841 2829 906 2905 alvi
930 2829 1009 2906 iocis
1027 2887 1038 2926 ,
1057 2831 1121 2904 dif-

148 2947 287 3051 fusoque
311 2951 345 3021 in
370 2975 488 3048 corpus
511 2949 698 3024 universum
721 2951 793 3049 ipso
826 2950 986 3027 varioloso
1022 2979 1122 3028 vene·

147 3094 221 3162 no,
247 3067 389 3167 plurima
413 3068 562 3156 docent;
588 3067 680 3154 illud,
693 3094 771 3142 cum
795 3069 935 3168 primis,
968 3069 1058 3171 quod
1081 3084 1120 3144 nt

144 3202 234 3262 artus
259 3190 361 3286 magis
396 3187 571 3283 indoleat,
606 3185 699 3262 ainus
735 3188 804 3262 sere
835 3187 916 3263 solet
950 3189 1118 3290 paullatim

144 3309 406 3411 conquiescere,
432 3321 623 3408 argumento
646 3309 714 3406 jam
739 3311 915 3385 transmissi
937 3336 998 3415 per
1023 3309 1115 3385 albas

142 3429 365 3502 mesentericas
388 3451 487 3500 venas
520 3427 555 3500 in
588 3427 753 3526 sanguinis
789 3429 858 3502 vias
874 3473 889 3521 ,Ι
910 3440 943 3501 et
968 3426 1013 3500 ab
1050 3426 1132 3503 alvi·

141 3549 221 3624 locis
245 3545 401 3621 eliminati
424 3548 569 3620 veneni.
597 3548 695 3638 Quae
717 3548 800 3623 ratio
823 3561 872 3621 est
892 3603 902 3643 ,
928 3561 966 3623 ut
990 3536 1052 3648 ego
1078 3573 1116 3622 o-

145 3665 261 3764 pinor,
287 3661 505 3764 quamobrem
519 3662 636 3738 'lumbi
659 3664 699 3738 iis
722 3664 820 3741 initiis
834 3665 1043 3759 vehementer
1062 3671 1114 3741 ia-

140 3782 272 3857 doleant
291 3808 301 3870 ;
328 3780 386 3855 ubi
411 3782 816 3894 mesentcriciluervarum
837 3783 951 3883 plexus
974 3784 1114 3884 origines

143 3917 245 3999 sunt,
271 3900 334 3978 alvi
362 3897 520 3992 dolnrum¹
550 3901 765 3978 instrumenta
803 3903 1000 4003 praecipua,
1028 3927 1112 4004 quoa
