2544 4710
505 384 701 522 (Μ

236 557 303 616 tens
323 541 493 642 glandulae
514 574 630 644 corpus
652 560 810 644 apparet,
834 560 868 617 ct
884 547 934 616 ab.
953 574 1010 637 eo,
1031 545 1079 617 uti

239 658 344 748 solet,
368 658 477 731 brevis
499 660 584 755 pilus
607 678 781 755 emergens.
1057 656 1059 661 ⁵

170 790 188 831 c
211 764 359 837 Pustnlae
380 769 564 839 vesicularis
585 773 683 838 sectio
704 774 740 836 in
764 794 828 864 qua
862 795 997 840 uacuum
1020 769 1080 836 sub

237 876 437 970 epidermide
460 893 620 974 apparet,
645 877 686 946 ab
709 903 791 973 aqua
814 877 975 964 relictum,
993 902 1077 975 quae

237 993 377 1061 sectione
399 993 532 1060 effluxit.

169 1093 363 1170 bPustulae
386 1100 589 1172 umbilicatae
623 1103 754 1197 majoris
776 1099 927 1171 nondum
960 1125 1080 1192 suppu-

232 1220 321 1279 ratae
343 1213 440 1279 sectio
462 1211 599 1298 similis,
624 1220 712 1306 cujus
726 1216 832 1304 partes
847 1205 1075 1304 grandioribus

235 1317 391 1388 tractibus
414 1320 456 1388 ad
468 1319 639 1390 clariorem
652 1319 963 1390 animadversionem
975 1333 1077 1386 trans·

233 1423 315 1495 latae
338 1441 413 1497 sunt
447 1431 483 1501 in
507 1431 649 1501 medium
672 1434 774 1500 iconis
796 1428 857 1501 sub
891 1431 1006 1523 majori
1027 1428 1080 1498 lit·

237 1551 305 1606 tera
328 1542 367 1611 B.
390 1541 432 1611 Iu
455 1564 521 1638 qua

147 1672 185 1713 aa
209 1645 395 1740 Epidermis
418 1664 571 1720 consueto
592 1653 740 1723 crassior.

146 1758 192 1826 bb
215 1757 356 1826 Solitum
379 1758 439 1826 snb
461 1759 660 1853 epidermide
681 1759 897 1856 Malpighiani
909 1764 994 1831 muci
1011 1786 1082 1832 cor-

233 1891 294 1959 pus
317 1865 505 1954 tumidum,
529 1881 561 1940 et
594 1869 740 1963 pustulae
764 1872 922 1941 uolumen
954 1884 1081 1941 tunsone

228 2000 290 2041 suo
313 1976 468 2048 efficiens.
719 2060 722 2068 Ι

143 2109 179 2150 cc
201 2084 376 2156 Finitimus
408 2089 478 2157 basi
511 2076 658 2185 pustulae
693 2089 792 2161 clivus
825 2090 882 2159 ubi
916 2116 1079 2161 mucosum

120 2184 127 2208 ³
233 2224 351 2292 corpus
372 2227 560 2285 crassescere
585 2204 715 2303 incipit.

144 2306 188 2374 dd
215 2312 307 2378 Cutis
331 2310 515 2397 indemnis,
540 2309 690 2406 nihilque
713 2315 785 2398 sui,
811 2323 944 2406 praeter
975 2312 1077 2382 basim

232 2419 471 2514 aliquantulum
494 2421 615 2510 rubore
652 2437 780 2519 praeter
812 2411 963 2495 naturam
996 2425 1077 2494 insc-

229 2544 339 2615 ctam,
363 2535 485 2602 tumori
509 2529 654 2629 pustulae
679 2537 882 2628 impertiens.-

164 2639 373 2712 eGlandula
396 2641 526 2712 sebacea
549 2646 638 2714 arim
660 2643 805 2741 pustulae
839 2657 950 2715 tenens
982 2647 1077 2716 solito

230 2741 393 2840 crassior,
417 2752 530 2822 latiori
562 2769 656 2848 parte
677 2779 757 2839 sua,
781 2770 813 2825 et
836 2758 949 2852 infima
967 2805 977 2843 ,
996 2763 1078 2828 uuis

98 2883 108 2922 t
157 2899 159 2913 -
230 2869 362 2956 corpori
387 2865 529 2951 inserta3
554 2867 590 2932 iu
611 2869 812 2933 extremitate
833 2849 1019 2960 superiori,
1044 2894 1077 2936 o-

228 2975 336 3043 rificio
357 3001 415 3043 suo
438 2979 475 3043 in
496 2976 733 3069 epidermidem
752 3004 809 3046 ua
830 2980 1028 3047 continuata.

172 3087 191 3154 s
224 3083 308 3156 Pilus
329 3089 368 3156 ab
389 3088 506 3156 orificio
536 3086 697 3180 glandulae
729 3090 869 3160 sebaceae
903 3115 1073 3184 emergens:

232 3199 268 3263 iu
290 3223 357 3290 quo
380 3197 507 3266 orificio
531 3211 601 3265 erat
616 3193 796 3265 umbilicus.

139 3331 180 3401 gg
203 3306 349 3376 Summus
372 3309 517 3402 pustulae
539 3307 625 3376 locus
647 3307 733 3374 circa
754 3303 958 3393 umbilicum,
982 3336 1000 3376 a
1022 3334 1076 3378 cu-

228 3419 267 3484 tis
291 3442 428 3511 corpore
450 3420 700 3502 remotissimas,
730 3412 788 3484 ubi
825 3416 956 3502 initium
980 3417 1077 3487 babet

193 3541 196 3547 '
225 3533 441 3624 suppuratio,
464 3545 497 3600 et
518 3530 604 3600 unde
626 3541 736 3623 postca
766 3523 931 3598 descendit
953 3529 995 3600 ad
1016 3556 1076 3625 pu·

227 3642 326 3712 stulae
348 3643 462 3714 basim.
667 3637 674 3650 ’
910 3661 921 3675 “

158 3759 181 3825 h
205 3755 358 3828 Lineolae
380 3754 557 3824 desinentes
579 3757 615 3822 in
638 3754 862 3826 coloratiorem
876 3754 944 3826 basi
966 3766 1078 3851 pustu-
1103 3747 1106 3752 ’

225 3872 275 3941 lae
297 3872 435 3943 vicinam
457 3870 537 3938 cutis
560 3880 685 3962 partem
707 3869 988 3960 inflammatam,a
1011 3895 1076 3968 qua
