2544 4710
557 409 714 513 (⁴329)

158 585 268 646 tamen
294 583 419 643 tantum
444 566 534 641 abest
561 586 597 644 nt
622 573 801 668 ejiciatura
826 600 963 676 corpore
983 633 992 670 ,
1022 590 1135 676 utpo*

159 694 237 780 tius,
266 718 307 764 ne
332 714 374 762 se*
390 688 431 762 de
449 691 602 786 sanguine
620 692 782 789 proripiet,
794 690 971 790 ,adjuvetur
995 696 1145 798 (sariba.-

157 814 333 888 Caeterum
359 817 468 893 urinae
492 821 562 894 viae
585 824 750 895 satis-sunt
767 837 841 897 ante
858 825 1060 922 eruptionem
1074 844 1133 894 va-

158 934 313 1009 riolarum
338 954 496 1037 apertae,
524 953 561 1013 ut
585 943 610 1013 si
636 941 759 1034 vellet,
786 956 842 1015 aut
858 955 989 1042 posset,
1005 940 1132 1015 nullum

157 1055 370 1131 obstaculum·
389 1059 544 1157 ejiciendo
562 1060 705 1133 offerant
719 1080 880 1156 ueneno,
907 1089 968 1136 nec
1005 1085 1047 1132 eo
1082 1073 1133 1132 ta·

159 1204 235 1249 men
259 1194 371 1275 parato
395 1178 556 1255 beneficio
581 1208 743 1254 venenum
770 1175 884 1255 ulitur.
915 1182 1002 1256 Num
1028 1178 1131 1253 febris

154 1294 208 1367 illa
233 1297 427 1370 variolnrum
451 1301 656 1398 eruptionem
680 1294 873 1400 praecedens
889 1303 1054 1373 urinarum
1072 1324 1134 1373 ex·⁴

154 1431 358 1489 crementum
384 1415 483 1489 habet
506 1417 725 1516 adjunctum,
753 1434 799 1494 'et
829 1422 913 1518 justa
939 1419 1030 1515 copia
1057 1472 1068 1510 ,
1094 1427 1130 1488 et
1160 1426 1164 1434 '

152 1561 256 1609 crassa
281 1535 489 1635 aequabiliter
512 1538 583 1608 fusa
608 1538 819 1609 innatantium
845 1533 1128 1633 corpusculorum,

155 1655 430 1756 mucidornmque
455 1669 617 1729 tractuum
645 1656 734 1728 nube
758 1658 925 1728 refertum.
951 1655 1128 1753 quuepo-

155 1779 219 1846 tius
243 1774 463 1848 characterem
488 1775 663 1848 variolosae
687 1775 785 1849 febris
809 1776 906 1848 ellieit
927 1830 936 1866 ,
956 1801 1041 1874 qnae
1054 1799 1130 1867 cor-

150 1897 240 1993 poris
265 1897 469 1967 emunetoria
494 1910 604 1992 aperta
644 1875 768 1989 habet,
799 1911 832 1969 et
870 1895 940 1967 laxa
961 1920 985 1988 ‚‘
1012 1897 1128 1967 veneni

152 2017 240 2113 quod
266 2018 408 2088 continet
425 2013 550 2087 laxante
566 2072 575 2109 ,
589 2051 592 2058 ·
604 2015 813 2117 solventeque
838 2017 853 2112 (
870 2015 981 2115 cxxv)
1006 2013 1127 2112 virtute

150 2134 289 2230 adjuta,
318 2159 415 2232 qnam
453 2133 587 2233 alicujus
618 2133 787 2207 levaminis·
808 2135 852 2206 ab
893 2135 1062 2206 infectione
1084 2133 1128 2204 si-

149 2279 250 2349 gnum
277 2252 343 2323 dat.
373 2253 461 2325 Nam
487 2281 562 2326 curn
589 2253 707 2326 talibus
724 2255 823 2325 urinis
837 2265 1020 2352 perseverat
1036 2275 1124 2324 mor·

149 2373 216 2445 bns
240 2402 373 2446 cursum
400 2401 495 2446 suum
519 2374 701 2448 absolvere.
722 2374 794 2448 Nec
809 2375 943 2472 si'copia
967 2373 1039 2444 illae
1050 2398 1122 2445 cre·

148 2498 432 2592 sce1·ent,'majus
456 2510 538 2568 esset
562 2480 756 2592 sperandum
781 2494 1019 2594 adjumentum.
1040 2494 1122 2565 Ete-

146 2619 216 2689 nim
241 2615 456 2689 abundantior
496 2629 591 2714 potus
628 2615 809 2689 dilutiorem
847 2616 1123 2714 copiosioremque

144 2751 251 2835 potest
275 2737 402 2806 urinam
416 2732 554 2807 ‘efficere
574 2791 584 2827 ‚
611 2734 799 2832 sanguinem
816 2733 913 2805 etiam
928 2731 1040 2804 caloris
1055 2746 1120 2804 tae-

145 2861 201 2933 dio
226 2858 330 2933 levare
347 2884 356 2946 3
386 2858 441 2929 sed
466 2856 648 2950 abstergere
672 2853 716 2927 ab
732 2880 772 2926 eo
791 2851 1047 2952 ‚detrahereque
1060 2878 1119 2925 ve·
1159 2838 1166 2850 .

144 3005 265 3050 aenum
292 3004 357 3049 non
380 2986 514 3074 potest,
542 2975 705 3046 interiores
730 2971 880 3044 humidas
895 2969 986 3042 sodes
1003 2997 1117 3044 ornnes

143 3122 318 3188 aversans,
346 3109 379 3166 et
403 3093 558 3192 fugiens.
586 3093 680 3182 Quae
704 3094 785 3164 ratio
811 3103 859 3163 est
884 3118 944 3163 eur
960 3099 1019 3164 nec
1044 3090 1117 3164 diu-

142 3199 317 3288 reticorum
343 3217 416 3309 vis,
442 3212 577 3289 stimulo
601 3215 668 3287 acri
704 3212 964 3312 calefacientique
1003 3225 1117 3310 poten-

143 3337 258 3427 tium,
285 3334 384 3431 possit
408 3332 587 3436 quidquam
622 3345 810 3432 praestare3
850 3355 911 3403 nee
940 3329 1003 3402 alvi
1042 3332 1115 3404 riae

100 3451 102 3454 ’
140 3456 213 3555 pari
237 3454 353 3528 ueneni
378 3454 478 3524 exitui
503 3468 595 3553 aptae
620 3479 688 3528 esse
722 3452 872 3553 possint.
902 3449 1011 3523 Sudor
1050 3477 1113 3551 po·

140 3578 231 3669 tius,
259 3578 315 3676 qui
340 3601 502 3648 venenum
525 3602 544 3646 a
569 3575 644 3671 sede
669 3577 782 3666 enlin,
809 3598 908 3673 qnam
945 3584 1113 3670 tantopere

140 3698 291 3797 appetit,
318 3723 384 3768 non
410 3693 635 3789 abstraheret,
662 3694 953 3772 commendabilior
988 3693 1112 3767 videre-

139 3837 220 3911 tur,
238 3844 392 3918 spemque
408 3818 498 3890 daret
515 3843 579 3890 non
595 3816 742 3892 inutilem
756 3820 806 3891 sui
822 3872 830 3889 .
851 3815 916 3887 Sed
934 3815 987 3888 hic
1002 3814 1110 3914 quod-

138 3961 281 4035 cumque
304 3935 404 4034 possit
428 3933 637 4012 beneficium
652 3936 795 4033 afferre,
822 3961 1022 4038 quarnquam
1059 3934 1117 4006 in-
