2544 4710
571 350 589 451 (
613 350 703 454 27)

140 510 198 559 sm
220 507 322 582 vapor
345 465 505 560 oollectus
529 500 637 563 totum
661 489 828 589 adimplet.
860 492 902 567 In
928 496 1120 575 tabidorum

139 609 272 707 itaque,
285 631 466 710 senumque
485 608 699 684 cadaveribus
716 612 902 702 „calvariae
927 616 1050 691 fornice
1066 618 1120 690 di'-

140 726 280 825 ligemm
304 744 454 824 ausono,
470 728 576 806 sicubi
599 735 667 830 jam
692 731 800 808 illaesa
824 734 906 809 dura
921 750 1026 808 mater
1048 741 1115 810 cir-

141 872 182 920 m
203 844 379 923 cerebrum
393 848 576 941 incidatur,
594 874 734 951 aquosus
749 853 838 927 rivus
862 857 971 928 statim
994 857 1121 929 exsilit:

142 992 212 1065 quo
235 963 417 1059 exhausto,
443 967 584 1040 concidit
609 967 692 1050 dura
716 971 752 1042 in
776 968 949 1042 cerebrum
974 971 1047 1045 laxa
1071 987 1125 1048 to-

140 1097 200 1178 ta,
226 1095 263 1156 et
283 1083 320 1156 iu
343 1111 440 1182 rugas
463 1086 601 1160 fuoemit.
629 1086 748 1186 Neque
772 1085 978 1163 hortantum
1002 1089 1044 1163 de
1068 1114 1123 1164 oe·

140 1205 263 1297 rebro,
277 1204 336 1279 sed
360 1205 402 1279 de
415 1207 484 1303 ipsa
508 1211 608 1282 etiam
624 1207 708 1281 valet
734 1208 875 1282 medulla
893 1209 1021 1305 spinuli,
1039 1236 1124 1309 quae

147 1313 341 1397 iuuenibus
363 1349 403 1398 uc
426 1321 545 1412 tabidis
568 1327 606 1397 fit
628 1324 770 1420 exilior,
808 1354 847 1400 ac
872 1329 1052 1426 majoribus
1076 1332 1130 1401 in·

149 1445 313 1541 tavallio,
325 1444 555 1548 aquupepletis
570 1475 588 1519 a
605 1452 833 1546 circumposito
857 1450 952 1521 distat
967 1449 1049 1523 tubo
1066 1449 1130 1525 du·

150 1593 206 1640 rae
220 1566 333 1643 matris
348 1621 359 1641 .
375 1568 533 1669 Adeoque
556 1571 592 1641 in
606 1567 796 1656 hominibus
821 1570 901 1644 haec
918 1571 1049 1646 videtur
1073 1570 1127 1644 lex

150 1686 328 1780 obtinere,
355 1701 393 1761 ut
416 1691 500 1762 circa
523 1689 687 1775 ambitum
713 1675 877 1762 medullae
902 1688 1033 1786 spinalis
1057 1715 1132 1786 spu-

152 1818 238 1889 tium
253 1840 337 1913 aqua
353 1812 557 1915 completum
572 1790 676 1886 aetate
691 1825 813 1885 crescat
825 1839 837 1898 ,·
857 1837 935 1881 nam
950 1807 1040 1908 quod
1056 1807 1131 1880 uul-

154 1938 229 2012 lum
251 1953 302 2011 est
325 1914 466 2035 pene'ia
491 1936 607 2027 foetu,
633 1937 729 2033 cujus
755 1930 959 2022 medullam,
988 1932 1131 2004 maxime
1199 1967 1201 1973 ·

152 2058 188 2129 in
212 2054 297 2128 collo
316 2109 331 2148 ,t
347 2053 449 2128 durae
474 2053 574 2127 tubus
598 2057 721 2152 integre
747 2055 864 2151 capit-5
891 2052 1004 2125 aetatis
1028 2052 1133 2125 inere-

150 2188 294 2281 ωας
315 2175 351 2247 in
374 2201 526 2272 magnam
553 2172 800 2271 amplitudinem
824 2169 952 2244 evadit.

224 2316 227 2323 ⁴
252 2293 322 2377 xl.
348 2293 490 2371 Tantam
516 2309 627 2368 autem
651 2320 755 2396 aquae
778 2298 812 2368 in
828 2294 933 2391 spina,
946 2306 1008 2364 aut
1021 2305 1054 2365 et
1070 2294 1133 2364 cir·

154 2443 193 2492 ca
207 2410 394 2498 ‘cerebrum
418 2413 671 2508 oollectionem,
697 2423 738 2485 n'e
778 2411 983 2510 peruidment
1023 2409 1140 2482 adhuc·

156 2535 361 2629 Auamma,
373 2548 579 2633 praepostera
605 2560 747 2624 eorum,
778 2545 878 2631 atque
906 2529 1138 2628 vulgaricum·-
1222 2515 1226 2526 ’

155 2681 236 2755 pora
259 2655 439 2729 dissecandi
463 2655 548 2729 ratio
573 2654 694 2729 effecit.
723 2653 908 2727 Cerebrum
946 2653 1036 2723 enim
1060 2676 1136 2747 per-

158 2778 334 2864 serututuri
358 2790 457 2874 oaput
482 2804 501 2847 a
527 2777 653 2848 cervice
678 2773 778 2871 vulgo
803 2786 1015 2872 praesecant:
1042 2769 1135 2869 quod

159 2925 238 2973 cum
248 2898 291 2977 >lit
305 2952 317 2989 ,
331 2898 468 2968 rescisso
487 2894 571 2968 tubo
595 2895 695 2968 durae
711 2897 826 2965 matris
841 2919 900 2989 per
912 2897 1043 2991 spinam
1057 2889 1135 2962 colli

100 3080 101 3085 ,
161 3010 406 3110 descendente,
432 3016 537 3091 assluit
567 3015 688 3088 humor
713 3015 820 3088 omnis
845 3015 930 3085 circa
956 3011 1136 3084 cerebrum

161 3135 337 3229 collectae,
363 3135 613 3236 medullamque
636 3135 792 3233 spinalem
809 3191 819 3228 ‚
838 3148 871 3208 et
897 3133 1134 3207 inconsiderate

160 3255 306 3354 perditur
325 3281 335 3326 ε
354 3269 528 3354 apertaque
553 3255 631 3327 inde
655 3254 793 3328 calvaria
808 3309 819 3346 ,
834 3255 918 3324 inter
943 3252 1134 3338 cerebrum,

161 3389 193 3461 et
215 3375 337 3448 duram
360 3390 522 3470 matrem,
542 3374 707 3448 intervalla
732 3376 871 3467 omnia,
897 3398 983 3472 quae
1007 3372 1155 3470 pridem.

158 3522 242 3598 aqua
269 3493 445 3594 replebat,
473 3523 576 3567 vacua
602 3495 914 3593 deprehenduntur;
946 3497 1137 3592 imponunt-

158 3643 221 3716 que
245 3617 441 3688 Anatomico
458 3618 605 3690 inanium
617 3620 795 3715 spatiorum
811 3615 930 3715 specie,
949 3641 1034 3714 quae
1047 3613 1129 3716 sorte

158 3733 352 3834 dissipabilis
376 3758 453 3817 aura
480 3738 608 3835 vaporis
632 3733 843 3833 impleverit·
859 3731 925 3804 Vix
951 3745 1024 3802 tum
1040 3731 1128 3802 enirn
1156 3811 1157 3816 γ

155 3851 238 3945 intra
269 3852 381 3925 foveas
406 3849 564 3928 calvariae
591 3851 691 3950 baem,
708 3854 858 3951 intraque
880 3852 1141 3950 praecipuos-ua-
